% of Regional Sales,% of Total Sales,Region,Customer ID,First Name,Last Name,Sales,Order Date,Stock,Total Regional Sales,Total Sales
4.117307975,2.854810795,Central,8,Gusta,Mahmood,304.99,01/07/2017,"Fusion Telecommunications International, Inc.",7407.51,10683.37
61.466237709,35.202501352,Central,9,Delores,Nieass,7798.91,03/03/2018,Panhandle Royalty Company,12688.12,22154.42
74.888220172,48.467028745,Central,18,Roxy,Lermit,7550.47,01/19/2019,TravelCenters of America LLC,10082.32,15578.57
22.732679070,10.759243900,Central,19,Kinny,Hughesdon,2761.8,10/20/2018,American Homes 4 Rent,12149.03,25669.09
58.475392874,28.009696928,Central,33,Carlyn,Rawle,8058.95,02/23/2019,"Colony NorthStar, Inc.",13781.78,28772
70.625961381,30.729539600,Central,37,Ashly,Hellmore,8347.24,11/27/2016,"Bankwell Financial Group, Inc.",11818.94,27163.57
66.609255130,66.609255130,Central,39,Chaim,Garrelts,8659.01,08/04/2016,Nuveen Quality Municipal Income Fund,12999.71,12999.71
27.569633576,10.394279898,Central,41,Penelopa,Weigh,1854.51,12/08/2017,"Voyager Therapeutics, Inc.",6726.64,17841.64
45.961036317,24.599944121,Central,43,Aimee,de Tocqueville,8285.18,12/13/2018,Morgan Stanley,18026.53,33679.67
49.986584416,49.986584416,Central,52,Neilla,Flanigan,4173.13,03/06/2019,The Long-Term Care ETF,8348.5,8348.5
41.130298467,39.667458291,Central,54,Darleen,Gealle,6669.5,03/13/2018,Lions Gate Entertainment Corporation,16215.54,16813.53
12.861259213,9.146467085,Central,57,Aleen,Edmundson,1163.18,02/08/2017,Alphabet Inc.,9044.06,12717.26
50.446669412,40.333196306,Central,59,Marisa,Allonby,4581.96,09/29/2018,CPI Card Group Inc.,9082.78,11360.27
51.496982597,51.496982597,Central,64,Elisha,Wellen,5405.01,12/08/2017,Petroleo Brasileiro S.A.- Petrobras,10495.78,10495.78
47.217249021,30.754713742,Central,65,Glendon,Woltman,6986.25,11/08/2018,Molina Healthcare Inc,14795.97,22716.03
41.201282604,41.201282604,Central,67,Andriette,Rosenvasser,3930.59,04/03/2017,"Essex Property Trust, Inc.",9539.97,9539.97
10.212703683,10.212703683,Central,75,Maxy,Royste,425.69,10/29/2018,LMP Capital and Income Fund Inc.,4168.24,4168.24
55.796590179,54.922470416,Central,78,Kettie,McCaskill,9972.24,10/11/2017,Verizon Communications Inc.,17872.49,18156.94
32.876194214,10.784337610,Central,81,Tammy,Kleszinski,7171.11,03/31/2017,J P Morgan Chase & Co,21812.47,66495.6
84.958842293,42.212548007,Central,82,Nigel,Collocott,7481.79,11/04/2018,Huntington Bancshares Incorporated,8806.37,17724.09
44.203409821,43.510910979,Central,83,Hamilton,Shardlow,7900.25,12/18/2018,Verizon Communications Inc.,17872.49,18156.94
19.093445177,12.559874208,Central,96,Estella,Beardwell,1692.59,12/11/2016,Stantec Inc,8864.77,13476.17
64.805300162,36.183991724,Central,101,Shea,Lapenna,5320.23,09/04/2017,Reading International Inc,8209.56,14703.27
50.408749897,50.408749897,Central,102,Ludvig,Knobell,8542.05,10/23/2016,"Winnebago Industries, Inc.",16945.57,16945.57
50.375362250,36.390264190,Central,104,Gris,Etherington,8557.56,07/22/2017,Vipshop Holdings Limited,16987.59,23516.07
27.045214342,11.444201631,Central,106,Nanine,Trinke,2049.7,06/22/2018,M&T Bank Corporation,7578.79,17910.38
71.947823173,15.978797453,Central,110,Dino,Kettridge,3177.59,11/12/2018,Star Bulk Carriers Corp.,4416.52,19886.29
60.902277245,59.852695314,Central,111,Fifine,Onion,9537.12,05/27/2018,Hi-Crush Partners LP,15659.71,15934.32
65.755680292,65.755680292,Central,112,Swen,Druitt,8174.47,09/02/2016,ProAssurance Corporation,12431.58,12431.58
45.572017782,15.768249922,Central,118,Guglielma,McInulty,5026.27,09/07/2016,Tsakos Energy Navigation Ltd,11029.29,31875.89
54.489416226,39.210152608,Central,124,Tedi,Critch,7620.65,02/05/2018,SP Plus Corporation,13985.56,19435.4
42.258322295,28.324648334,Central,136,Daron,Tomczykowski,5869.85,12/26/2017,NASDAQ TEST STOCK,13890.4,20723.47
52.634979320,52.634979320,Central,139,Rurik,Montier,9043.1,10/20/2017,"Dillard's, Inc.",17180.78,17180.78
39.992982118,39.992982118,Central,141,Cathi,Deny,5721.52,12/13/2016,"Hercules Capital, Inc.",14306.31,14306.31
88.026160533,21.398047472,Central,144,Aila,Prettyjohn,7422.85,05/07/2018,Deutsche Bank AG,8432.55,34689.38
22.823211071,22.823211071,Central,147,Dorri,Bamsey,1101.56,09/07/2018,"Smith & Nephew SNATS, Inc.",4826.49,4826.49
45.510583774,32.749055847,Central,149,Renault,Allkins,6364.91,01/06/2017,SP Plus Corporation,13985.56,19435.4
14.536425388,5.431647934,Central,155,Suzette,Thing,840.39,11/13/2016,FlexShares Credit-Scored US Long Corporate Bond Index Fund,5781.27,15472.1
49.624637750,35.847954186,Central,165,Corinna,Flipek,8430.03,01/05/2018,Vipshop Holdings Limited,16987.59,23516.07
95.744819878,95.744819878,Central,182,Carol,Juszczyk,7033.29,11/24/2016,"Veritone, Inc.",7345.87,7345.87
53.063368443,53.063368443,Central,189,Averil,Gentry,5192.5,01/24/2017,TiGenix,9785.47,9785.47
39.930955237,8.417375925,Central,194,Elwyn,McConaghy,3961.59,12/14/2016,Citigroup Inc.,9921.1,47064.43
39.097722755,38.423917682,Central,195,Harland,Pieroni,6122.59,02/27/2019,Hi-Crush Partners LP,15659.71,15934.32
19.289212126,14.601090485,Central,198,Georgi,Clurow,4315.18,08/15/2018,"America Movil, S.A.B. de C.V.",22370.95,29553.82
60.020452681,60.020452681,Central,199,Wit,Vashchenko,8598.38,08/16/2016,Delta Technology Holdings Limited,14325.75,14325.75
37.130861014,18.334418005,Central,209,Vi,Pleavin,3248.23,03/08/2017,"Patrick Industries, Inc.",8748.06,17716.57
52.146131945,25.757384675,Central,215,Constantine,Burdett,4717.89,03/25/2017,"Micron Technology, Inc.",9047.44,18316.65
44.550723148,33.722950197,Central,219,Rockie,Zettoi,9966.42,03/18/2018,"America Movil, S.A.B. de C.V.",22370.95,29553.82
8.647245650,3.621280087,Central,222,Inger,Butner,774.59,07/03/2017,Silver Run Acquisition Corporation II,8957.65,21389.95
32.486114517,32.486114517,Central,242,Jeniece,Blare,4503.68,12/18/2016,Gladstone Land Corporation,13863.4,13863.4
7.230831233,7.230831233,Central,243,Aland,Synke,326.54,05/23/2018,"Civista Bancshares, Inc. ",4515.94,4515.94
48.503017403,48.503017403,Central,248,Arther,Guerrin,5090.77,06/21/2017,Petroleo Brasileiro S.A.- Petrobras,10495.78,10495.78
80.771001941,50.364511888,Central,253,Cirilo,Meiklejohn,9524.04,05/18/2017,Lindblad Expeditions Holdings Inc.,11791.41,18910.22
73.956052399,20.148362892,Central,264,Aube,Graves,6545.51,08/06/2018,U.S. Bancorp,8850.54,32486.56
39.979547319,39.979547319,Central,269,Alexandr,Porte,5727.37,04/27/2018,Delta Technology Holdings Limited,14325.75,14325.75
80.158152332,80.158152332,Central,274,Percy,Coleridge,3886.46,10/28/2016,Materion Corporation,4848.49,4848.49
52.167878918,52.167878918,Central,285,Elsa,Label,9754.35,08/25/2018,"Netlist, Inc.",18698,18698
31.096884619,12.934957047,Central,299,Maje,Studdeard,3288.48,04/03/2018,Newtek Business Services Corp.,10574.95,25423.2
19.503890785,13.396738947,Central,305,Craggie,Ethelston,1783.82,09/29/2018,"Monolithic Power Systems, Inc.",9145.97,13315.33
4.255180122,4.255180122,Central,320,Sher,Burnie,312.58,11/04/2017,"Veritone, Inc.",7345.87,7345.87
39.949299977,8.421242964,Central,324,Ives,Calderonello,3963.41,10/12/2017,Citigroup Inc.,9921.1,47064.43
49.914485489,49.914485489,Central,325,Melisandra,Jeffray,7240.75,06/30/2018,Gorman-Rupp Company (The),14506.31,14506.31
52.098311127,22.941602965,Central,330,Risa,Ansley,6787.17,09/01/2016,KKR & Co. L.P.,13027.62,29584.55
50.085514511,50.085514511,Central,340,Korrie,Lowen,7265.56,07/18/2017,Gorman-Rupp Company (The),14506.31,14506.31
16.609609625,16.609609625,Central,346,Dorthea,Falvey,1962.05,10/27/2016,"Lombard Medical, Inc.",11812.74,11812.74
72.430366424,27.307635397,Central,349,Dunn,Wilber,4872.13,11/22/2017,"Voyager Therapeutics, Inc.",6726.64,17841.64
72.954785658,30.870869295,Central,354,Vickie,Kittoe,5529.09,07/20/2016,M&T Bank Corporation,7578.79,17910.38
29.374038619,12.780720649,Central,355,Regen,Mulholland,3471.7,09/02/2017,"Bankwell Financial Group, Inc.",11818.94,27163.57
40.321472310,23.158991262,Central,358,Margery,Pregal,5011.08,02/02/2018,"Washington Federal, Inc.",12427.82,21637.73
97.835604135,97.835604135,Central,370,Leicester,Hinchon,7450.69,11/26/2016,Potash Corporation of Saskatchewan Inc.,7615.52,7615.52
53.411500391,53.411500391,Central,374,Tiebout,Ruperti,8582.24,04/07/2018,"Heron Therapeutics, Inc.  ",16068.15,16068.15
41.982987224,32.011337014,Central,375,Viviana,Glasscoe,3093.55,06/16/2017,"Liberty Expedia Holdings, Inc.",7368.58,9663.92
36.147337441,6.397303627,Central,377,Raine,Shropsheir,6531.56,12/08/2018,Bank of America Corporation,18069.27,102098.64
54.499380434,40.287704424,Central,381,Morgan,Roggerone,9667.22,01/12/2018,Pennsylvania Real Estate Investment Trust,17738.22,23995.46
27.559563791,19.473641234,Central,383,Dewitt,Dracey,3434.2,02/18/2019,"Bridge Bancorp, Inc.",12461.01,17635.12
17.238570456,3.548157758,Central,392,Chico,St. Queintain,774.56,04/03/2019,Playa Hotels & Resorts N.V.,4493.18,21829.92
19.841847668,19.841847668,Central,395,Frederico,Pentland,962.03,10/08/2016,Materion Corporation,4848.49,4848.49
34.460869593,19.016938806,Central,396,Even,Oliveti,3214.92,03/27/2017,"Texas Capital Bancshares, Inc.",9329.19,16905.56
58.869701533,56.775941756,Central,404,Elianora,Maxworthy,9546.04,12/18/2016,Lions Gate Entertainment Corporation,16215.54,16813.53
77.176788929,77.176788929,Central,415,Lilian,Lambswood,3724.93,07/23/2016,"Smith & Nephew SNATS, Inc.",4826.49,4826.49
40.695450510,40.695450510,Central,432,Tallie,Ney,5345.03,07/21/2017,"Kratos Defense & Security Solutions, Inc.",13134.22,13134.22
41.205882427,41.205882427,Central,439,Dennison,Klainer,3293.99,08/08/2018,"Seattle Genetics, Inc.",7993.98,7993.98
63.208082166,63.208082166,Central,446,Seumas,Crapper,6620.68,04/25/2017,Nevro Corp.,10474.42,10474.42
41.524607126,19.890275268,Central,447,Dinny,Mathou,5722.83,03/20/2018,"Colony NorthStar, Inc.",13781.78,28772
33.359022359,10.147975432,Central,461,Conrade,Masding,3661.97,06/12/2016,CF Corporation,10977.45,36085.72
63.005138351,63.005138351,Central,465,Annadiana,Beloe,7471.08,09/21/2017,MiX Telematics Limited,11857.89,11857.89
36.581449920,13.685296700,Central,466,Anabel,Diggens,2754.66,08/04/2018,Abeona Therapeutics Inc.,7530.21,20128.61
46.936631557,46.936631557,Central,469,Elsinore,Cissell,4592.97,03/03/2019,TiGenix,9785.47,9785.47
58.797512432,24.509627497,Central,475,Octavia,Cain,2887.44,06/16/2018,Dynasil Corporation of America,4910.82,11780.84
15.041157707,7.473331494,Central,480,Conn,Dorre,1324.58,08/23/2016,Huntington Bancshares Incorporated,8806.37,17724.09
80.906554823,53.221204541,Central,487,Yolanda,Van Rembrandt,7172.18,08/17/2016,Stantec Inc,8864.77,13476.17
5.776596682,1.573758502,Central,488,Vikky,Stallion,511.26,08/16/2017,U.S. Bancorp,8850.54,32486.56
15.243404378,15.243404378,Central,491,Terence,Kilroy,1341.79,02/07/2019,Voya Prime Rate Trust,8802.43,8802.43
2.164395865,2.164395865,Central,492,Juli,Willgrass,164.83,07/19/2017,Potash Corporation of Saskatchewan Inc.,7615.52,7615.52
38.533762291,22.068779052,Central,502,Meagan,Hacard,4889.21,08/16/2016,Panhandle Royalty Company,12688.12,22154.42
60.019862179,27.300407487,Central,504,Jorry,Casper,5239.83,12/06/2017,BioSpecifics Technologies Corp,8730.16,19193.23
36.160064727,27.371588512,Central,507,Kamila,Gavaran,8089.35,02/12/2017,"America Movil, S.A.B. de C.V.",22370.95,29553.82
57.741677705,38.702736559,Central,508,Hollyanne,Watkinson,8020.55,05/28/2016,NASDAQ TEST STOCK,13890.4,20723.47
39.980137821,18.185214266,Central,510,Berti,Milbourne,3490.33,08/04/2017,BioSpecifics Technologies Corp,8730.16,19193.23
50.013415584,50.013415584,Central,512,Hedi,Epple,4175.37,09/08/2018,The Long-Term Care ETF,8348.5,8348.5
44.405876559,11.623489578,Central,519,Berton,Pruce,2245.17,03/12/2017,Harvest Capital Credit Corporation,5056.02,19315.8
87.138740787,61.969952647,Central,525,Fayth,Bloomfield,7880.88,04/29/2018,Alphabet Inc.,9044.06,12717.26
54.928882541,53.817081689,Central,529,Karlee,Steet,4653.52,02/22/2017,Landmark Infrastructure Partners LP,8471.9,8646.92
43.875241773,43.875241773,Central,536,Gusta,Lyle,4829.44,02/02/2017,VSE Corporation,11007.21,11007.21
34.244319708,34.244319708,Central,537,Morie,Cartmael,4257.11,06/30/2016,ProAssurance Corporation,12431.58,12431.58
37.102370784,19.858478423,Central,543,Vail,Aurelius,6688.27,01/28/2017,Morgan Stanley,18026.53,33679.67
58.017012776,44.237017691,Central,549,Illa,Schimon,4275.03,09/12/2017,"Liberty Expedia Holdings, Inc.",7368.58,9663.92
64.832875762,43.711964670,Central,560,Alyse,Browne,9866.28,12/15/2017,"Telephone and Data Systems, Inc.",15218.02,22571.12
85.463574612,31.934126589,Central,568,Alvira,Kerry,4940.88,02/22/2019,FlexShares Credit-Scored US Long Corporate Bond Index Fund,5781.27,15472.1
41.202487568,17.175175964,Central,570,Abeu,Bilston,2023.38,12/06/2018,Dynasil Corporation of America,4910.82,11780.84
66.640977641,20.272506687,Central,572,Adams,Berger,7315.48,02/13/2017,CF Corporation,10977.45,36085.72
23.996524092,18.402888668,Central,579,Charmion,McKinnon,996.89,09/18/2018,Pimco Corporate & Income Stategy Fund,4154.31,5417.03
54.884712427,41.825532788,Central,580,Adelind,Wyke,9297.13,06/17/2018,Anworth Mortgage Asset  Corporation,16939.38,22228.36
36.791917834,36.791917834,Central,583,Torey,Huge,3853.74,12/23/2017,Nevro Corp.,10474.42,10474.42
40.741007323,13.364222595,Central,586,Arlana,Lakin,8886.62,11/04/2016,J P Morgan Chase & Co,21812.47,66495.6
19.441047804,6.531827829,Central,593,Alexandrina,Klampt,440.4,06/15/2018,Vanguard Intermediate-Term Corporate Bond ETF,2265.31,6742.37
36.994861649,36.994861649,Central,596,Allyn,O'Fallon,4386.81,09/20/2017,MiX Telematics Limited,11857.89,11857.89
43.692754552,29.701391384,Central,598,Patrice,Stillert,6678.94,03/05/2019,FelCor Lodging Trust Incorporated,15286.15,22486.96
60.007017882,60.007017882,Central,601,Jere,Judgkins,8584.79,12/19/2016,"Hercules Capital, Inc.",14306.31,14306.31
16.936592899,9.065053191,Central,606,Brittan,Issit,3053.08,08/30/2017,Morgan Stanley,18026.53,33679.67
49.553330588,39.618952719,Central,612,Maurise,Soulsby,4500.82,03/13/2017,CPI Card Group Inc.,9082.78,11360.27
33.390744870,33.390744870,Central,614,Brooke,Gillow,4340.7,04/23/2018,Nuveen Quality Municipal Income Fund,12999.71,12999.71
47.853868055,23.637237159,Central,623,Cristal,Stockin,4329.55,09/29/2018,"Micron Technology, Inc.",9047.44,18316.65
47.832121082,47.832121082,Central,625,Heddi,Filippello,8943.65,01/12/2019,"Netlist, Inc.",18698,18698
26.382798463,8.654316977,Central,626,Kalli,Bernaert,5754.74,12/12/2017,J P Morgan Chase & Co,21812.47,66495.6
92.769168767,92.769168767,Central,628,Ave,Lovart,4189.4,04/01/2019,"Civista Bancshares, Inc. ",4515.94,4515.94
61.098333503,22.607973053,Central,630,Abbye,Akers,5297.03,03/28/2018,Scorpio Tankers Inc.,8669.68,23429.92
58.794117573,58.794117573,Central,631,Ranna,Mariel,4699.99,08/09/2016,"Seattle Genetics, Inc.",7993.98,7993.98
20.119744786,4.241207213,Central,633,Idalia,Brosnan,1996.1,06/07/2018,Citigroup Inc.,9921.1,47064.43
46.588499609,46.588499609,Central,637,Lishe,Morratt,7485.91,03/16/2018,"Heron Therapeutics, Inc.  ",16068.15,16068.15
7.483181540,5.287630592,Central,638,Bob,Bucksey,932.48,05/22/2016,"Bridge Bancorp, Inc.",12461.01,17635.12
50.049292346,50.049292346,Central,641,Bride,Mailey,7082.11,01/12/2017,Nuveen Minnesota Quality Municipal Income Fund,14150.27,14150.27
67.513885483,67.513885483,Central,644,Deni,Nutbeam,9359.72,10/31/2018,Gladstone Land Corporation,13863.4,13863.4
56.124758227,56.124758227,Central,645,Beryl,Hankinson,6177.77,08/22/2017,VSE Corporation,11007.21,11007.21
29.661315994,29.661315994,Central,647,Fianna,Christian,2404.02,04/06/2017,Interstate Power and Light Company,8104.9,8104.9
64.436336161,40.487865250,Central,652,Valma,Volker,9977.87,02/10/2018,VanEck Vectors Pharmaceutical ETF,15484.85,24644.1
47.901688873,21.093611361,Central,654,Sibyl,Godspeede,6240.45,12/19/2018,KKR & Co. L.P.,13027.62,29584.55
54.427982218,18.832478089,Central,656,Claude,Sammons,6003.02,01/13/2017,Tsakos Energy Navigation Ltd,11029.29,31875.89
33.914023885,33.914023885,Central,660,Stephie,Munnion,1386.68,10/30/2016,Hancock Holding Company,4088.81,4088.81
80.558952196,27.066298646,Central,661,Shannon,Grisdale,1824.91,03/04/2019,Vanguard Intermediate-Term Corporate Bond ETF,2265.31,6742.37
45.071117459,44.158844999,Central,669,Damon,Strangeways,3818.38,04/24/2017,Landmark Infrastructure Partners LP,8471.9,8646.92
17.306262098,17.306262098,Central,672,Muffin,Ducham,1007.6,10/26/2018,Kirby Corporation,5822.17,5822.17
65.539130407,36.167213627,Central,680,Lea,Maffini,6114.27,10/07/2017,"Texas Capital Bancshares, Inc.",9329.19,16905.56
54.713162778,54.713162778,Central,681,Toinette,Tickle,7424.04,04/25/2018,Independence Holding Company,13569.02,13569.02
26.652848793,26.652848793,Central,683,Alfy,Molines,2679.84,05/05/2018,Gerdau S.A.,10054.61,10054.61
25.111779828,16.252133540,Central,691,Harlene,Bearham,2531.85,05/12/2017,TravelCenters of America LLC,10082.32,15578.57
33.305644278,33.305644278,Central,704,Dita,Gooderham,3183.53,09/20/2018,"Paychex, Inc.",9558.53,9558.53
20.267350919,5.521575692,Central,712,Celinda,Glacken,1793.77,06/20/2017,U.S. Bancorp,8850.54,32486.56
28.052176827,6.230071069,Central,713,Cly,Miko,1238.93,01/31/2018,Star Bulk Carriers Corp.,4416.52,19886.29
17.628175349,17.628175349,Central,715,Georgiana,Dyball,1479.91,06/04/2018,"Carver Bancorp, Inc.",8395.14,8395.14
16.371981969,16.371981969,Central,728,Vergil,Gowans,954.48,04/17/2017,Triangle Capital Corporation,5829.96,5829.96
49.950707654,49.950707654,Central,732,Syman,Diben,7068.16,12/21/2017,Nuveen Minnesota Quality Municipal Income Fund,14150.27,14150.27
54.851663944,54.851663944,Central,737,Rosene,Voden,1913.61,10/02/2018,"Summit Midstream Partners, LP",3488.7,3488.7
84.255722982,84.255722982,Central,745,Morganica,Beldham,1820.05,03/31/2019,"Jaguar Animal Health, Inc.",2160.15,2160.15
62.869138986,31.043424320,Central,749,Godiva,McCloughlin,5499.83,06/16/2016,"Patrick Industries, Inc.",8748.06,17716.57
47.365020680,47.365020680,Central,756,Latashia,O'Mullaney,8137.68,06/11/2018,"Dillard's, Inc.",17180.78,17180.78
11.439955369,6.387490674,Central,758,Stan,Espine,939.17,12/28/2016,Reading International Inc,8209.56,14703.27
11.973839467,2.910689093,Central,761,Giralda,Choppen,1009.7,03/06/2019,Deutsche Bank AG,8432.55,34689.38
83.628018031,83.628018031,Central,763,Tatiania,Bremmer,4875.48,01/23/2017,Triangle Capital Corporation,5829.96,5829.96
97.534443222,75.644920791,Central,767,Joyce,Hyndley,4185.32,05/23/2017,Timken Steel Corporation,4291.12,5532.85
2.465556778,1.912215224,Central,769,Marys,Vedenyapin,105.8,06/13/2017,Timken Steel Corporation,4291.12,5532.85
22.520185638,22.520185638,Central,771,Ermengarde,Chesnut,1840.55,02/03/2018,Torchmark Corporation,8172.89,8172.89
30.702087481,11.242554258,Central,774,Saudra,Carles,3589.86,08/09/2016,Equity Residential,11692.56,31931
82.371824651,82.371824651,Central,780,Juana,Cicconettii,6915.23,07/30/2018,"Carver Bancorp, Inc.",8395.14,8395.14
23.754744469,13.263444118,Central,785,Dennis,Cardello,1950.16,08/05/2016,Reading International Inc,8209.56,14703.27
84.756595622,84.756595622,Central,786,Corella,Cockney,7460.64,11/02/2018,Voya Prime Rate Trust,8802.43,8802.43
83.390390375,83.390390375,Central,791,Jyoti,Bloxland,9850.69,12/13/2016,"Lombard Medical, Inc.",11812.74,11812.74
20.567414781,20.567414781,Central,794,Rich,Wilkenson,1875.16,01/18/2018,"Blucora, Inc.",9117.14,9117.14
45.115287573,34.380629070,Central,796,Drusie,Jordi,7642.25,03/05/2019,Anworth Mortgage Asset  Corporation,16939.38,22228.36
34.482079243,6.102588634,Central,797,Ashly,Klimus,6230.66,09/27/2018,Bank of America Corporation,18069.27,102098.64
59.304549490,59.304549490,Central,798,Oswald,Tethacot,7789.19,08/09/2016,"Kratos Defense & Security Solutions, Inc.",13134.22,13134.22
80.496109215,55.290781378,Central,800,Stormi,Gowing,7362.15,07/22/2017,"Monolithic Power Systems, Inc.",9145.97,13315.33
59.678527690,34.276885792,Central,803,Sherie,Dawidowitz,7416.74,06/29/2018,"Washington Federal, Inc.",12427.82,21637.73
15.744277018,15.744277018,Central,806,Alyda,Ridoutt,340.1,07/30/2017,"Jaguar Animal Health, Inc.",2160.15,2160.15
29.370583316,5.197963460,Central,818,Maggie,Blackah,5307.05,04/26/2017,Bank of America Corporation,18069.27,102098.64
50.087817418,50.087817418,Central,822,Luce,Critchley,9219.92,05/15/2019,John Hancock Preferred Income Fund III,18407.51,18407.51
95.882692025,66.482018314,Central,825,Adriane,Brimner,7102.52,10/15/2018,"Fusion Telecommunications International, Inc.",7407.51,10683.37
31.639683960,18.419595928,Central,829,Jeromy,Reedshaw,3117.92,06/08/2018,Nuveen California Quality Municipal Income Fund,9854.46,16927.19
91.352754350,38.256564415,Central,831,Sidnee,Macia,8183.06,06/18/2018,Silver Run Acquisition Corporation II,8957.65,21389.95
89.787296317,89.787296317,Central,835,Jamey,Tomaszkiewicz,3742.55,08/12/2017,LMP Capital and Income Fund Inc.,4168.24,4168.24
58.582675595,58.582675595,Central,838,Hagan,Bigland,6464.03,10/13/2017,Grupo Aeroportuario del Centro Norte S.A.B. de C.V.,11034.03,11034.03
45.500619566,33.635529388,Central,839,Tallia,Beeke,8071,08/25/2018,Pennsylvania Real Estate Investment Trust,17738.22,23995.46
35.563663839,22.346038200,Central,840,Kelly,Curedale,5506.98,11/28/2017,VanEck Vectors Pharmaceutical ETF,15484.85,24644.1
76.818304591,47.001586954,Central,842,Heinrik,Oloshkin,8589.07,11/09/2016,American Vanguard Corporation,11181.02,18274
58.798717396,58.798717396,Central,843,Kipper,Mallison,5609.38,01/02/2018,"Essex Property Trust, Inc.",9539.97,9539.97
68.360316040,39.797154755,Central,848,Olav,Frape,6736.54,04/07/2019,Nuveen California Quality Municipal Income Fund,9854.46,16927.19
49.912182582,49.912182582,Central,852,Pierrette,Dicte,9187.59,05/19/2019,John Hancock Preferred Income Fund III,18407.51,18407.51
52.782750979,34.379774987,Central,853,Violetta,Gerg,7809.72,05/20/2019,Molina Healthcare Inc,14795.97,22716.03
56.307245448,38.276449996,Central,861,Rachael,Flynn,8607.21,01/14/2018,FelCor Lodging Trust Incorporated,15286.15,22486.96
35.167124238,23.710564651,Central,862,Don,Dwire,5351.74,07/31/2016,"Telephone and Data Systems, Inc.",15218.02,22571.12
77.267320930,36.570170583,Central,872,Zachary,Gruby,9387.23,03/24/2018,American Homes 4 Rent,12149.03,25669.09
77.479814362,77.479814362,Central,874,Rey,Kopelman,6332.34,07/05/2016,Torchmark Corporation,8172.89,8172.89
45.148336056,45.148336056,Central,878,Cathleen,Seebright,1575.09,12/08/2018,"Summit Midstream Partners, LP",3488.7,3488.7
79.432585219,79.432585219,Central,881,Kirstin,O'Cosgra,7241.98,08/23/2017,"Blucora, Inc.",9117.14,9117.14
45.286837222,45.286837222,Central,885,Brenden,Elliman,6144.98,08/28/2016,Independence Holding Company,13569.02,13569.02
66.085976115,66.085976115,Central,889,Bethanne,Yeliashev,2702.13,10/21/2018,Hancock Holding Company,4088.81,4088.81
55.594123441,14.552076538,Central,896,Stacee,Mattson,2810.85,06/14/2018,Harvest Capital Credit Corporation,5056.02,19315.8
43.201339013,17.969885774,Central,900,Philippine,Osgarby,4568.52,04/29/2018,Newtek Business Services Corp.,10574.95,25423.2
7.733250434,7.733250434,Central,918,Broddy,Thorald,696.53,11/18/2018,"Resources Connection, Inc.",9006.95,9006.95
70.338684006,70.338684006,Central,921,Terri-jo,Golsthorp,5700.88,04/05/2017,Interstate Power and Light Company,8104.9,8104.9
25.701776368,10.690825703,Central,925,Joete,Wallington,2717.95,02/26/2018,Newtek Business Services Corp.,10574.95,25423.2
19.228998059,11.990183086,Central,926,Ruthanne,Nials,2267.37,04/21/2018,Lindblad Expeditions Holdings Inc.,11791.41,18910.22
81.870566127,23.272385200,Central,929,Andrej,Spellacy,9589,03/14/2019,"Goldman Sachs Group, Inc. (The)",11712.39,41203.34
64.957254669,45.898922151,Central,939,Benoite,Musker,8094.33,01/05/2017,"Bridge Bancorp, Inc.",12461.01,17635.12
23.181695409,14.183813068,Central,942,Elene,Jinks,2591.95,03/24/2017,American Vanguard Corporation,11181.02,18274
92.266749566,92.266749566,Central,946,Gwendolyn,Haggerstone,8310.42,11/19/2016,"Resources Connection, Inc.",9006.95,9006.95
66.694355722,66.694355722,Central,953,Kennan,Brissenden,6375,10/01/2017,"Paychex, Inc.",9558.53,9558.53
73.347151207,73.347151207,Central,954,Vin,Cossor,7374.77,06/14/2016,Gerdau S.A.,10054.61,10054.61
63.418550080,23.725185197,Central,955,Lyn,Nudds,4775.55,06/22/2018,Abeona Therapeutics Inc.,7530.21,20128.61
41.417324405,41.417324405,Central,958,Shellysheldon,Wyett,4570,11/30/2018,Grupo Aeroportuario del Centro Norte S.A.B. de C.V.,11034.03,11034.03
82.761429544,17.034510433,Central,962,Dacia,Killwick,3718.62,05/27/2017,Playa Hotels & Resorts N.V.,4493.18,21829.92
49.591250103,49.591250103,Central,966,Torry,Blowes,8403.52,05/14/2018,"Winnebago Industries, Inc.",16945.57,16945.57
18.129433873,5.153441444,Central,973,Terry,Averill,2123.39,04/06/2019,"Goldman Sachs Group, Inc. (The)",11712.39,41203.34
82.693737902,82.693737902,Central,979,Kameko,Smitton,4814.57,01/29/2019,Kirby Corporation,5822.17,5822.17
38.901666497,14.394628748,Central,981,Shane,McPhilemy,3372.65,10/29/2017,Scorpio Tankers Inc.,8669.68,23429.92
69.297912519,25.375653753,Central,983,Constance,Aldwich,8102.7,01/05/2017,Equity Residential,11692.56,31931
76.003475908,58.286921062,Central,989,Christabella,Raven,3157.42,02/06/2018,Pimco Corporate & Income Stategy Fund,4154.31,5417.03
37.013210294,31.751243872,East,3,Josh,Jowitt,4886.98,09/15/2017,"Veritex Holdings, Inc.",13203.34,15391.46
79.244946545,56.126392806,East,15,Baily,Bader,9776.14,02/15/2018,"Fidelity National Financial, Inc.",12336.61,17418.08
44.916075406,22.983620259,East,16,Ezequiel,Tissington,6990.19,07/12/2017,Vantage Energy Acquisition Corp.,15562.78,30413.79
30.478437465,30.478437465,East,17,Alison,Redemile,3915.51,10/12/2018,Nuveen AMT-Free Municipal Value Fund,12846.82,12846.82
49.442850781,49.442850781,East,25,Sandye,Braithwaite,8071.58,08/16/2017,Companhia Paranaense de Energia (COPEL),16325.07,16325.07
93.802210561,50.397172601,East,26,Miguelita,Parlor,7464.93,06/29/2017,American National Insurance Company,7958.16,14812.2
53.232482250,53.232482250,East,30,Kaylyn,McCrorie,8352.07,09/17/2017,"SGOCO Group, Ltd",15689.8,15689.8
72.333085420,72.333085420,East,40,Tyson,Reuble,8986.46,09/04/2017,Hecla Mining Company,12423.72,12423.72
17.384733948,3.800270361,East,47,Pattie,Francesconi,1211.37,08/12/2016,Tsakos Energy Navigation Ltd,6968.01,31875.89
85.157228589,27.638195528,East,52,Bernie,Cavanagh,7287.96,11/20/2016,CHS Inc,8558.24,26369.16
77.641436613,22.466099352,East,54,Milo,Sharland,5159.98,01/31/2017,"Dominion Energy, Inc.",6645.91,22967.85
36.186147853,19.821621449,East,57,Margarete,Montes,4719.98,10/02/2016,"AmTrust Financial Services, Inc.",13043.61,23812.28
4.076235457,4.076235457,East,64,Stafani,Denington,329.69,06/30/2018,Cardiome Pharma Corporation,8088.1,8088.1
15.985076023,5.992031661,East,69,Anabella,Probert,1538.1,03/21/2018,American Homes 4 Rent,9622.1,25669.09
26.588561713,26.588561713,East,75,Ronny,McCrae,2897.89,05/27/2016,"BeiGene, Ltd.",10899.01,10899.01
33.054881740,27.714848308,East,81,Emelyne,Coulthard,3123.25,07/09/2018,"American Financial Group, Inc.",9448.68,11269.23
84.014923977,31.493130454,East,89,Leela,Gonnard,8084,04/09/2017,American Homes 4 Rent,9622.1,25669.09
45.462281838,45.462281838,East,90,Norah,Benedek,5523.84,07/22/2016,Fang Holdings Limited,12150.38,12150.38
52.485843209,52.485843209,East,93,Cyndi,Key,9936.94,08/20/2016,Global Partner Acquisition Corp.,18932.61,18932.61
77.205274100,60.695479728,East,98,Serene,Crevagh,9818.38,02/22/2019,"Magyar Bancorp, Inc.",12717.24,16176.46
18.662701474,9.713320991,East,99,Tammy,Keston,3423.29,11/17/2016,DTE Energy Company,18342.95,35243.25
9.547882584,4.978979507,East,100,Marcia,Housecraft,753.58,04/15/2018,"Yum! Brands, Inc.",7892.64,15135.23
14.168392460,7.148151972,East,102,Eachelle,Drew-Clifton,1848.57,09/04/2016,Aegon NV,13047.14,25860.81
11.453408830,9.689780734,East,107,Phylis,Wimsett,2087.89,08/18/2018,"eHealth, Inc.",18229.42,21547.34
92.996184926,20.770137162,East,110,Fredric,Stanger,2476.6,07/29/2017,"First Connecticut Bancorp, Inc.",2663.12,11923.85
52.876194412,33.868063799,East,124,Cheryl,Brushfield,9110.14,11/10/2016,Melco Resorts & Entertainment Limited,17229.19,26898.91
25.818395081,5.705816473,East,126,Marlena,Yesichev,2685.41,08/26/2018,Citigroup Inc.,10401.15,47064.43
51.399715405,43.485042701,East,127,Eliot,Pinch,9369.87,07/26/2016,"eHealth, Inc.",18229.42,21547.34
20.755053455,14.700070272,East,130,Xever,Pergens,2560.47,04/30/2017,"Fidelity National Financial, Inc.",12336.61,17418.08
46.295559696,8.578959088,East,132,Lion,Dewsnap,1105.7,06/24/2017,"Agilent Technologies, Inc.",2388.35,12888.51
47.514156791,47.514156791,East,139,Clark,Cake,8995.67,01/26/2019,Global Partner Acquisition Corp.,18932.61,18932.61
84.743975986,26.000946208,East,141,Berne,Parman,4638.47,09/10/2016,The Joint Corp.,5473.51,17839.62
70.612048983,70.612048983,East,147,Beatrix,Daal,4133.82,10/25/2016,Denbury Resources Inc.,5854.27,5854.27
34.840612386,22.116806115,East,152,Bernardo,Vida,4363.94,04/13/2018,"KAR Auction Services, Inc",12525.44,19731.33
86.541558168,38.869872150,East,154,Marcelia,Vergo,9980.31,04/11/2019,SPDR Dorsey Wright Fixed Income Allocation ETF,11532.39,25676.21
40.509017733,28.413330783,East,157,Silvain,Simmill,9686.65,06/27/2016,"Legg Mason, Inc.",23912.33,34091.92
56.326753458,38.038827497,East,161,Kirbie,Johansson,9522.37,10/01/2017,Pattern Energy Group Inc.,16905.59,25033.29
67.838502877,10.547555026,East,164,Arte,Adamovich,7013.66,10/02/2016,J P Morgan Chase & Co,10338.76,66495.6
59.989381870,54.226896412,East,165,Terence,Van der Spohr,8056.49,05/07/2017,"T-Mobile US, Inc.",13429.86,14857
89.448802462,46.909409085,East,170,Fabiano,Giaomozzo,6342.26,06/13/2017,Atlantic Coast Financial Corporation,7090.38,13520.23
95.532348425,18.705663664,East,175,Enoch,Shenton,2283.29,01/31/2019,Rosehill Resources Inc.,2390.07,12206.41
32.033808707,32.033808707,East,178,Connie,Norrey,5981.01,07/04/2017,Lyon William Homes,18670.93,18670.93
53.704440304,9.951887379,East,179,Nilson,Jonah,1282.65,10/13/2018,"Agilent Technologies, Inc.",2388.35,12888.51
14.842771411,4.817294142,East,180,Shannon,Beekman,1270.28,05/11/2017,CHS Inc,8558.24,26369.16
4.277485491,2.952091824,East,184,Freddy,Whitrod,176.59,09/16/2016,"Kadmon Holdings, Inc.",4128.36,5981.86
16.098196224,5.252638780,East,186,Grazia,Hartrick,1793.69,08/08/2018,Drive Shack Inc.,11142.18,34148.36
15.256024014,4.680817192,East,189,Forrester,Lurner,835.04,01/10/2018,The Joint Corp.,5473.51,17839.62
50.430082114,31.529395091,East,202,Melania,MacLucais,7831,08/16/2017,"Haverty Furniture Companies, Inc.",15528.43,24837.14
46.571361586,11.081114396,East,203,Gui,Egginson,2463.15,06/14/2018,Anworth Mortgage Asset  Corporation,5288.98,22228.36
27.749444748,27.749444748,East,204,Joana,Luddy,3479.6,06/02/2016,"Cass Information Systems, Inc",12539.35,12539.35
56.173815973,56.173815973,East,208,Hans,Sterre,6310.28,03/28/2017,Southwestern Energy Company,11233.49,11233.49
72.250555252,72.250555252,East,212,Remus,Pollett,9059.75,07/11/2018,"Cass Information Systems, Inc",12539.35,12539.35
89.751851555,89.751851555,East,213,Oren,Leer,9506.92,11/08/2016,"Sally Beauty Holdings, Inc.",10592.45,10592.45
85.778903192,15.153938196,East,217,Ardenia,Athowe,2916.68,05/22/2018,Legacy Reserves LP,3400.23,19247.01
27.152101029,19.044688595,East,218,Peyter,Di Lucia,6492.7,06/04/2016,"Legg Mason, Inc.",23912.33,34091.92
61.192901748,56.173186767,East,220,Barde,Roslen,8986.71,08/04/2017,"Builders FirstSource, Inc.",14685.87,15998.22
56.918509464,25.325629386,East,223,Corine,Stallard,4116.21,03/16/2019,Black Hills Corporation,7231.76,16253.14
46.767517750,46.767517750,East,224,Maryjane,McGrath,7337.73,09/06/2018,"SGOCO Group, Ltd",15689.8,15689.8
62.857381870,62.857381870,East,237,Caralie,Harsnep,9467.56,09/18/2018,"BroadVision, Inc.",15061.97,15061.97
75.312827179,37.996373663,East,244,Hilliard,Pickett,9826.17,12/24/2016,Aegon NV,13047.14,25860.81
23.102621822,23.102621822,East,253,Korie,Deuss,1744.71,07/18/2017,Motif Bio plc,7552,7552
49.031167025,43.370780992,East,255,Vasily,King,8996.67,01/20/2017,"Tortoise MLP Fund, Inc.",18348.88,20743.62
52.474115490,18.514104538,East,260,Terencio,Bonsul,6930.12,12/20/2017,HSBC Holdings plc,13206.74,37431.57
22.387816306,17.818939291,East,268,Adiana,Bratt,3940.09,09/17/2017,Federal Agricultural Mortgage Corporation,17599.26,22111.81
53.516952209,53.516952209,East,271,Veronique,Santos,6009.06,06/27/2017,"Sprott Focus Trust, Inc.",11228.33,11228.33
23.176026314,23.176026314,East,278,Doug,Le Fevre,2017.29,02/27/2017,Antero Midstream GP LP,8704.21,8704.21
50.557149219,50.557149219,East,279,Kellsie,Southorn,8253.49,09/02/2017,Companhia Paranaense de Energia (COPEL),16325.07,16325.07
26.191479878,18.017808090,East,284,Roxana,Dobbson,2814.56,01/10/2018,SandRidge Mississippian Trust I,10746.09,15620.99
22.069119385,10.603510523,East,285,Lilian,Cockram,2809.24,09/22/2017,"Carbo Ceramics, Inc.",12729.28,26493.49
31.269526920,24.959371102,East,287,Jeddy,Drewson,4160.52,01/21/2019,"Soligenix, Inc.",13305.35,16669.17
68.730473080,54.860739917,East,289,Batsheva,Exrol,9144.83,12/09/2017,"Soligenix, Inc.",13305.35,16669.17
47.525884510,16.768252040,East,292,Loreen,O'Keenan,6276.62,06/03/2016,HSBC Holdings plc,13206.74,37431.57
62.986789706,54.032301029,East,305,Idette,Youel,8316.36,08/29/2016,"Veritex Holdings, Inc.",13203.34,15391.46
65.159387614,41.363151901,East,311,Johny,Flello,8161.5,03/04/2019,"KAR Auction Services, Inc",12525.44,19731.33
73.411438287,73.411438287,East,319,Arabele,Stoyell,8001.12,01/25/2019,"BeiGene, Ltd.",10899.01,10899.01
54.640667025,40.273105552,East,329,Lula,Geertje,8205.46,10/20/2018,Service Corporation International,15017.13,20374.54
38.435309212,30.591480299,East,336,Phil,Paoloni,6764.33,03/21/2017,Federal Agricultural Mortgage Corporation,17599.26,22111.81
55.032630015,40.448765046,East,339,Baudoin,Driver,4354.71,01/17/2017,Saratoga Investment Corp,7912.96,10765.99
14.997319896,10.709955704,East,347,Othella,Barnett,1438.12,01/23/2019,"Tyler Technologies, Inc.",9589.18,13427.88
6.197789439,3.329890226,East,353,Lotta,Hardan,493.23,10/15/2018,American National Insurance Company,7958.16,14812.2
22.794725900,17.920237184,East,356,Angeline,Birkenshaw,2898.86,07/05/2017,"Magyar Bancorp, Inc.",12717.24,16176.46
37.866787742,37.866787742,East,368,Raquela,Sheridan,5579.55,03/26/2017,"WEC Energy Group, Inc.",14734.68,14734.68
39.176874482,31.181707875,East,369,Adolpho,Novello,6894.84,07/11/2018,Federal Agricultural Mortgage Corporation,17599.26,22111.81
59.140245783,46.005866353,East,373,Bernardina,Alvarado,9148.86,01/10/2019,Star Bulk Carriers Corp.,15469.77,19886.29
58.158837202,24.070536552,East,380,Mylo,Chadwell,5246.91,09/01/2018,"Flex Pharma, Inc.",9021.69,21798.06
41.664427342,29.046204752,East,382,Sinclare,Wisson,5519.72,05/27/2016,Sanofi,13248.04,19003.24
32.161497123,5.000481235,East,385,Cosimo,McCrohon,3325.1,01/22/2017,J P Morgan Chase & Co,10338.76,66495.6
68.425475756,68.425475756,East,387,Domingo,Shedd,3297.54,08/03/2017,"Tetraphase Pharmaceuticals, Inc.",4819.17,4819.17
83.901803776,27.376102396,East,392,Luce,Merrell,9348.49,10/06/2017,Drive Shack Inc.,11142.18,34148.36
33.547104181,21.773667717,East,397,Kayne,Hadaway,2758.31,09/10/2018,"Autoliv, Inc.",8222.2,12668.1
27.974939690,6.514341062,East,398,Hermy,Pritchitt,1942.37,11/05/2016,"CYS Investments, Inc.",6943.25,29816.83
57.929638525,21.320282343,East,399,Patten,Chetwind,4602,06/04/2016,"Micronet Enertec Technologies, Inc.",7944.12,21585.08
76.823973686,76.823973686,East,400,Carol-jean,Furphy,6686.92,11/27/2018,Antero Midstream GP LP,8704.21,8704.21
63.813852147,34.955199586,East,403,My,MacKessock,8323.63,06/18/2016,"AmTrust Financial Services, Inc.",13043.61,23812.28
49.799771761,49.799771761,East,404,Alonzo,Flanner,4560.19,09/01/2017,"Blackrock MuniAssets Fund, Inc.",9157.05,9157.05
28.538757397,14.853482582,East,405,Gibb,Caghy,5234.85,11/23/2016,DTE Energy Company,18342.95,35243.25
16.750893628,2.088179888,East,409,Millisent,Elston,679.5,12/13/2018,Public Storage,4056.5,32540.3
18.475705932,18.475705932,East,410,Nydia,Gino,1079.99,03/12/2019,"Advanced Semiconductor Engineering, Inc.",5845.46,5845.46
45.359332975,33.432263992,East,412,Mayne,Botterell,6811.67,07/20/2018,Service Corporation International,15017.13,20374.54
76.897378178,76.897378178,East,427,Cal,Fernao,5807.29,12/06/2016,Motif Bio plc,7552,7552
43.081490536,19.168911361,East,432,Juan,Smetoun,3115.55,09/05/2017,Black Hills Corporation,7231.76,16253.14
37.146875765,31.426895385,East,433,Ula,Dary,6771.66,12/09/2018,"eHealth, Inc.",18229.42,21547.34
54.594824110,36.903848255,East,434,Garik,Roger,5876.03,09/30/2016,Lexington Realty Trust,10762.98,15922.54
20.613215288,18.922292605,East,439,Olav,Brosenius,3027.23,05/29/2018,"Builders FirstSource, Inc.",14685.87,15998.22
45.918303440,29.946030558,East,451,Karil,Bourner,8138.28,06/01/2018,Select Asset Inc.,17723.39,27176.49
43.826184027,43.826184027,East,457,Emilia,Disbury,4923.21,03/31/2018,Southwestern Energy Company,11233.49,11233.49
52.931249832,26.008472039,East,465,Wood,Chetham,5890.56,08/21/2017,The Gabelli Healthcare & Wellness Trust,11128.7,22648.62
66.945118260,56.130099395,East,467,Allissa,McPake,6325.43,03/17/2018,"American Financial Group, Inc.",9448.68,11269.23
14.226249040,14.226249040,East,473,Sonja,Tolomei,526.32,03/15/2017,"MGP Ingredients, Inc.",3699.64,3699.64
65.584481998,51.048028460,East,488,Bunni,Molyneaux,8400.29,04/20/2019,American Tower Corporation (REIT),12808.35,16455.66
27.666914580,27.666914580,East,489,Lock,Sommerfeld,3437.26,12/28/2017,Hecla Mining Company,12423.72,12423.72
58.335572658,40.668433383,East,494,Archibaldo,Ruter,7728.32,02/24/2018,Sanofi,13248.04,19003.24
14.221096808,2.512338280,East,495,Claire,Gellately,483.55,09/12/2018,Legacy Reserves LP,3400.23,19247.01
46.261269982,28.904700190,East,504,Merissa,Root,6690.86,09/26/2017,eBay Inc.,14463.2,23148
55.225747396,12.041417767,East,508,Ardine,Bossons,4561.1,02/08/2017,"SunTrust Banks, Inc.",8259.01,37878.43
57.178825725,22.141923032,East,512,Linnet,Begin,3326.99,05/19/2017,"ING Group, N.V.",5818.57,15025.75
49.569917886,30.991611756,East,515,Georg,Mewha,7697.43,12/10/2018,"Haverty Furniture Companies, Inc.",15528.43,24837.14
55.083924594,28.186523284,East,517,Augustin,Belding,8572.59,06/16/2017,Vantage Energy Acquisition Corp.,15562.78,30413.79
48.276315653,17.227305967,East,528,Dalia,De Moreno,2789.28,11/10/2018,"Ominto, Inc.",5777.74,16191.04
14.940254800,14.940254800,East,532,Loretta,Mantz,1605.55,05/08/2017,"Ignyta, Inc.",10746.47,10746.47
47.123805588,30.183565059,East,533,Tarrance,Greenrodd,8119.05,09/26/2017,Melco Resorts & Entertainment Limited,17229.19,26898.91
44.967369985,33.050838799,East,540,Nathanial,Shephard,3558.25,10/31/2018,Saratoga Investment Corp,7912.96,10765.99
54.081696560,35.269860089,East,541,Nicolai,Egleton,9585.11,06/22/2016,Select Asset Inc.,17723.39,27176.49
45.405175890,30.692025267,East,545,Verney,Pitrasso,4886.95,09/24/2016,Lexington Realty Trust,10762.98,15922.54
95.722514509,66.062562481,East,576,Corbin,Liggens,3951.77,04/02/2017,"Kadmon Holdings, Inc.",4128.36,5981.86
22.358563387,6.469608605,East,579,Constantino,Poetz,1485.93,08/16/2018,"Dominion Energy, Inc.",6645.91,22967.85
50.200228239,50.200228239,East,583,Vin,Croll,4596.86,11/28/2018,"Blackrock MuniAssets Fund, Inc.",9157.05,9157.05
18.193882964,16.701420533,East,594,Rodina,Duncombe,2671.93,01/14/2019,"Builders FirstSource, Inc.",14685.87,15998.22
53.193097882,16.230965577,East,606,Virgie,Stewart,8330.72,10/31/2017,Wells Fargo & Company,15661.28,51326.09
51.723684347,18.457492539,East,613,Jamesy,O'Nowlan,2988.46,04/27/2019,"Ominto, Inc.",5777.74,16191.04
81.524294068,81.524294068,East,617,Lonee,Feaviour,4765.47,06/28/2018,"Advanced Semiconductor Engineering, Inc.",5845.46,5845.46
7.003815074,1.564259866,East,618,Ambrosius,Usborn,186.52,08/17/2016,"First Connecticut Bancorp, Inc.",2663.12,11923.85
61.702487538,61.702487538,East,619,Madelena,Dast,4888.25,02/16/2019,Invesco Plc,7922.29,7922.29
35.143686507,13.609037818,East,621,Diandra,Whiteland,2044.86,08/30/2018,"ING Group, N.V.",5818.57,15025.75
85.059745200,85.059745200,East,631,Lyle,Gainsbury,9140.92,05/30/2018,"Ignyta, Inc.",10746.47,10746.47
47.217700195,41.906456895,East,632,Dulciana,Shacklady,7694.96,10/20/2017,JM Global Holding Company,16296.77,18362.23
33.998639839,15.585646680,East,633,Arnuad,Maddams,2339.63,12/07/2018,News Corporation,6881.54,15011.44
83.249106372,10.377900634,East,637,Tamar,Brou,3377,06/20/2017,Public Storage,4056.5,32540.3
34.740294634,31.449009583,East,639,Guenevere,Proven,4299.24,04/18/2017,Boyd Gaming Corporation,12375.37,13670.51
85.002680104,60.702508512,East,645,Tamas,Ambrosoni,8151.06,10/23/2016,"Tyler Technologies, Inc.",9589.18,13427.88
44.774252604,9.762574637,East,647,Guthrie,Filipczak,3697.91,11/08/2017,"SunTrust Banks, Inc.",8259.01,37878.43
7.677487768,2.973029632,East,649,Lannie,Mintoff,446.72,06/27/2018,"ING Group, N.V.",5818.57,15025.75
29.957661620,29.957661620,East,651,Brnaby,Knibbs,3609.35,04/10/2019,Nuveen Select Tax Free Income Portfolio,12048.17,12048.17
42.070361475,15.483472843,East,662,Thorvald,Boshell,3342.12,03/10/2018,"Micronet Enertec Technologies, Inc.",7944.12,21585.08
29.387951017,29.387951017,East,674,Rosalind,Uridge,1720.45,02/03/2017,Denbury Resources Inc.,5854.27,5854.27
43.673246542,29.493606314,East,679,Gunter,Kuhnel,7383.22,06/23/2017,Pattern Energy Group Inc.,16905.59,25033.29
19.350895254,19.350895254,East,689,Torrey,Dooland,842.12,06/29/2016,"GoPro, Inc.",4351.84,4351.84
77.930880615,37.443311546,East,690,Meris,Whyke,9920.04,08/13/2017,"Carbo Ceramics, Inc.",12729.28,26493.49
4.467651575,0.874786280,East,696,Franni,Pithcock,106.78,12/07/2016,Rosehill Resources Inc.,2390.07,12206.41
10.551197538,5.533337820,East,697,Hallie,Tofanelli,748.12,10/09/2017,Atlantic Coast Financial Corporation,7090.38,13520.23
43.809126713,13.367607001,East,700,Lou,Casse,6861.07,04/30/2019,Wells Fargo & Company,15661.28,51326.09
38.297512462,38.297512462,East,702,Abra,Zupo,3034.04,12/12/2017,Invesco Plc,7922.29,7922.29
2.997775405,0.914719980,East,705,Brittan,Ansill,469.49,05/19/2017,Wells Fargo & Company,15661.28,51326.09
53.738730018,33.576723691,East,709,Brady,Neem,7772.34,02/12/2017,eBay Inc.,14463.2,23148
12.072739048,5.437356587,East,714,Kora,Grason,1036.47,06/22/2016,Apollo Commercial Real Estate Finance,8585.21,19062.02
13.458441832,6.044817362,East,723,Dorette,Apperley,1552.08,12/29/2016,SPDR Dorsey Wright Fixed Income Allocation ETF,11532.39,25676.21
50.883164363,50.883164363,East,724,Edithe,Andreas,9500.36,03/31/2017,Lyon William Homes,18670.93,18670.93
90.452117416,47.168493640,East,726,Blake,Biggin,7139.06,03/24/2017,"Yum! Brands, Inc.",7892.64,15135.23
87.927260952,39.600944706,East,732,Josi,Coppins,7548.74,08/06/2017,Apollo Commercial Real Estate Finance,8585.21,19062.02
17.083026930,17.083026930,East,734,Joshua,Slemmonds,3189.56,12/26/2016,Lyon William Homes,18670.93,18670.93
22.971331271,13.308970028,East,741,Carrol,Nunns,2824.95,01/09/2019,"Woodward, Inc.",12297.72,21225.91
41.841162798,17.317045645,East,742,Beltran,Fouch,3774.78,09/07/2017,"Flex Pharma, Inc.",9021.69,21798.06
50.968832975,45.084753770,East,763,Dru,Lutwyche,9352.21,03/27/2019,"Tortoise MLP Fund, Inc.",18348.88,20743.62
74.181604919,16.393994360,East,775,Vania,Trosdall,7715.74,02/22/2018,Citigroup Inc.,10401.15,47064.43
43.588686642,13.343492261,East,777,Cecilius,Le Grice,3753.91,02/05/2017,Vornado Realty Trust,8612.12,28132.89
40.859754217,31.785265125,East,779,Adrianne,Walkey,6320.91,02/13/2017,Star Bulk Carriers Corp.,15469.77,19886.29
31.574524244,31.574524244,East,780,Rafaelita,Edridge,1521.63,05/30/2018,"Tetraphase Pharmaceuticals, Inc.",4819.17,4819.17
56.411313358,17.268791084,East,788,Erminie,Ingleston,4858.21,04/09/2017,Vornado Realty Trust,8612.12,28132.89
70.042338380,70.042338380,East,791,Tildie,Scotney,8438.82,02/14/2019,Nuveen Select Tax Free Income Portfolio,12048.17,12048.17
45.438956496,45.438956496,East,799,Adelice,Berrane,794.95,05/15/2017,OM Asset Management plc,1749.49,1749.49
71.652738730,15.663154817,East,807,Natalee,Glastonbury,4992.77,04/01/2018,Tsakos Energy Navigation Ltd,6968.01,31875.89
77.028668729,44.628333956,East,820,Anjanette,Crissil,9472.77,07/21/2017,"Woodward, Inc.",12297.72,21225.91
47.068750168,23.127855030,East,829,Conant,Wynter,5238.14,04/23/2018,The Gabelli Healthcare & Wellness Trust,11128.7,22648.62
10.962527321,2.396387991,East,832,Rubina,Traill,763.87,05/04/2018,Tsakos Energy Navigation Ltd,6968.01,31875.89
65.259705366,59.077020535,East,857,Merissa,Guage,8076.13,08/06/2017,Boyd Gaming Corporation,12375.37,13670.51
69.609969766,47.886529599,East,859,Axel,Rohloff,7480.35,01/06/2019,SandRidge Mississippian Trust I,10746.09,15620.99
54.537718162,54.537718162,East,860,Travers,Blaisdell,6626.54,06/04/2017,Fang Holdings Limited,12150.38,12150.38
40.010618130,36.167261224,East,862,Morgen,Agget,5373.37,09/28/2016,"T-Mobile US, Inc.",13429.86,14857
53.428638414,12.712723746,East,866,Dickie,MacKenny,2825.83,09/25/2017,Anworth Mortgage Asset  Corporation,5288.98,22228.36
69.521562535,69.521562535,East,872,Guido,Paulon,8931.31,03/15/2018,Nuveen AMT-Free Municipal Value Fund,12846.82,12846.82
32.338881238,22.682735381,East,888,Timotheus,Bowld,7732.98,07/29/2018,"Legg Mason, Inc.",23912.33,34091.92
54.561043504,54.561043504,East,911,Robin,Moggie,954.54,10/11/2018,OM Asset Management plc,1749.49,1749.49
95.923764543,95.923764543,East,915,Rafferty,Ramey,7758.41,05/30/2017,Cardiome Pharma Corporation,8088.1,8088.1
10.518780361,5.306871672,East,926,Quinlan,Clausen-Thue,1372.4,04/25/2019,Aegon NV,13047.14,25860.81
46.483047791,46.483047791,East,929,Kore,Givens,5219.27,04/06/2018,"Sprott Focus Trust, Inc.",11228.33,11228.33
66.452895819,43.131093061,East,944,Kendal,Arnaudet,5463.89,04/28/2018,"Autoliv, Inc.",8222.2,12668.1
34.415518002,26.787500471,East,946,Larissa,Gley,4408.06,10/15/2016,American Tower Corporation (REIT),12808.35,16455.66
80.649104746,80.649104746,East,950,Milena,Garvie,3509.72,09/14/2016,"GoPro, Inc.",4351.84,4351.84
85.773750960,85.773750960,East,955,Sybil,Woollett,3173.32,12/19/2016,"MGP Ingredients, Inc.",3699.64,3699.64
72.025060310,16.772004267,East,961,Jonas,Enos,5000.88,07/26/2018,"CYS Investments, Inc.",6943.25,29816.83
63.732904400,63.732904400,East,971,Vonny,Vala,9798.66,04/03/2017,"Dreyfus Strategic Municipal Bond Fund, Inc.",15374.57,15374.57
36.267095600,36.267095600,East,979,Emelen,Inder,5575.91,12/31/2016,"Dreyfus Strategic Municipal Bond Fund, Inc.",15374.57,15374.57
10.248148445,10.248148445,East,984,Kalvin,Riepel,1085.53,04/07/2017,"Sally Beauty Holdings, Inc.",10592.45,10592.45
52.798541129,27.479900406,East,986,Chev,Maude,9684.81,08/28/2016,DTE Energy Company,18342.95,35243.25
4.198550356,2.888293252,East,987,Marve,Corringham,451.18,09/25/2016,SandRidge Mississippian Trust I,10746.09,15620.99
66.001360161,30.256324510,East,992,Lora,Lucius,4541.91,08/30/2018,News Corporation,6881.54,15011.44
37.142618130,37.142618130,East,996,Milissent,Nuzzti,5594.41,04/01/2017,"BroadVision, Inc.",15061.97,15061.97
52.782299805,46.845127199,East,997,Carlene,Axe,8601.81,12/12/2016,JM Global Holding Company,16296.77,18362.23
62.133212258,62.133212258,East,998,Hailey,Parmer,9155.13,08/31/2016,"WEC Energy Group, Inc.",14734.68,14734.68
33.495536443,18.633056011,North,1,Mellie,Meadowcraft,3569.76,05/30/2016,Hunter Maritime Acquisition Corp.,10657.42,19158.21
46.386169882,37.718506353,North,2,Crystie,Lissenden,8093.06,12/01/2017,Zymeworks Inc.,17447.14,21456.47
7.097819548,7.097819548,North,8,Ludvig,Thornthwaite,750.39,02/03/2018,Cambrex Corporation,10572.12,10572.12
24.836129213,6.664258917,North,12,Marris,Pelling,780.53,12/14/2017,Check Point Software Technologies Ltd.,3142.72,11712.18
82.865904251,16.849813923,North,17,Ugo,Harden,5482.98,12/27/2016,Public Storage,6616.69,32540.3
52.263903126,18.435169388,North,22,Stefania,Romeuf,3987.14,02/28/2018,Fortress Investment Group LLC,7628.86,21627.9
55.781721315,28.830212853,North,24,Che,Gritsaev,8748.9,08/20/2016,iStar Financial Inc.,15684.17,30346.29
32.869634837,24.055545192,North,25,Cornie,Lasselle,4204,10/17/2018,"Rockwell Medical, Inc.",12789.92,17476.22
36.560754991,20.418700014,North,26,Cara,Arrighini,4495.43,04/12/2017,Pebblebrook Hotel Trust,12295.78,22016.24
27.322454964,10.417051625,North,28,Bryana,Ing,2892.06,03/12/2017,"Maiden Holdings, Ltd.",10584.92,27762.75
54.249089321,27.932202553,North,31,Pauline,Battabee,4975.58,04/21/2019,WisdomTree Japan Hedged SmallCap Equity Fund,9171.73,17813.06
66.117628348,33.345941897,North,33,Ibbie,Filmer,8480.69,08/22/2018,CABCO Series 2004-101 Trust,12826.67,25432.45
24.452219658,7.593530670,North,40,Sterne,Towndrow,1379.56,08/08/2018,Dynegy Inc.,5641.86,18167.57
43.409748067,43.409748067,North,44,Beckie,Luttger,4079.01,10/05/2017,Scientific Games Corp,9396.53,9396.53
43.081216911,23.153312840,North,45,Ruprecht,Crossby,4910.13,06/30/2016,"Hawaiian Electric Industries, Inc.",11397.38,21207.03
34.857633494,17.312288707,North,46,Elladine,Haslin,8147.93,09/15/2017,Citigroup Inc.,23374.88,47064.43
79.531274259,79.531274259,North,52,Claybourne,Alessandrucci,6044.52,10/16/2017,Nuveen Insured California Select Tax-Free Income Portfolio,7600.18,7600.18
14.015210498,1.331153872,North,53,Ardella,Makey,1359.09,09/06/2018,Bank of America Corporation,9697.25,102098.64
95.695303817,57.989618503,North,57,Archibaldo,Peterkin,4615.04,07/25/2016,CNA Financial Corporation,4822.64,7958.39
10.643584026,10.643584026,North,64,Ansley,Jumel,1111.7,02/26/2017,Mimecast Limited,10444.79,10444.79
45.195845055,45.195845055,North,78,Rose,Blankhorn,417.7,11/29/2016,"Financial Engines, Inc.",924.2,924.2
35.992388788,23.835616800,North,83,Anna-diana,Cutler,7220.03,04/15/2017,Apollo Investment Corporation,20059.88,30290.93
12.564372424,12.564372424,North,85,Theodosia,Wellsman,1251.12,12/16/2017,Adient plc,9957.68,9957.68
49.094172608,49.094172608,North,90,Pearce,Lamshead,8749.75,01/14/2017,Norwood Financial Corp.,17822.38,17822.38
15.232833628,10.983271313,North,91,Wilfred,Shotboulte,1474.29,12/15/2017,"Safe Bulkers, Inc",9678.37,13423.05
68.711769536,13.788035976,North,93,Shantee,Dailly,1640.04,05/31/2016,"Amber Road, Inc.",2386.84,11894.66
11.724757517,5.718366257,North,98,Hasheem,Dabes,2202.96,12/16/2018,Ashford Hospitality Trust Inc,18788.96,38524.29
58.474587249,15.132996950,North,99,Hartwell,Bartlam,5416.77,04/08/2017,DDR Corp.,9263.46,35794.43
76.313899185,19.296963425,North,103,Henderson,Nornasell,3580.32,05/04/2019,CymaBay Therapeutics Inc.,4691.57,18553.8
15.188062627,6.703862867,North,104,Rodney,Meconi,1537.36,09/20/2016,"P.A.M. Transportation Services, Inc.",10122.16,22932.45
50.502723766,50.502723766,North,105,Maurise,Schrader,9763.03,05/22/2016,WGL Holdings Inc,19331.69,19331.69
51.686999051,51.686999051,North,110,Frannie,Heape,2603.96,04/24/2017,Masonite International Corporation,5037.94,5037.94
92.902180452,92.902180452,North,112,Maybelle,Bagott,9821.73,12/07/2017,Cambrex Corporation,10572.12,10572.12
78.571554710,16.640979793,North,113,Patrizia,Doonican,6228.98,01/28/2019,HSBC Holdings plc,7927.78,37431.57
87.483954919,40.202114797,North,114,Skyler,Imos,3966.61,06/11/2017,"CSW Industrials, Inc.",4534.1,9866.67
54.975321696,54.975321696,North,123,Franky,Assur,7076.22,04/16/2017,"PDC Energy, Inc.",12871.63,12871.63
33.882371652,17.088326135,North,124,Harmonia,D'Oyley,4345.98,03/12/2018,CABCO Series 2004-101 Trust,12826.67,25432.45
11.240615700,3.411553617,North,129,Husein,Atteridge,1149,06/29/2017,Morgan Stanley,10221.86,33679.67
63.439245009,35.429982595,North,138,Iggie,Leeds,7800.35,07/29/2016,Pebblebrook Hotel Trust,12295.78,22016.24
78.317626997,78.317626997,North,141,Fidelity,Beagrie,7904.23,10/21/2016,"Blackrock Enhanced Government Fund, Inc",10092.53,10092.53
54.325716935,29.155031052,North,143,Ellery,Dedham,5025.96,06/06/2018,INVESCO MORTGAGE CAPITAL INC,9251.53,17238.74
10.242013893,7.384759798,North,147,Emmy,Chatenet,991.26,02/04/2017,"Safe Bulkers, Inc",9678.37,13423.05
47.298373649,32.128402322,North,153,Phaidra,Archard,5843.26,09/15/2016,PowerShares 1-30 Laddered Treasury Portfolio,12354.04,18187.21
11.246629496,4.032100603,North,156,Welby,Noorwood,1181.22,12/20/2018,Mountain Province Diamonds Inc.,10502.88,29295.4
51.212367815,51.212367815,North,162,Hewe,Carwardine,9080.89,04/19/2017,"Central Europe, Russia and Turkey Fund, Inc. (The)",17731.83,17731.83
88.936246484,88.936246484,North,166,Darrelle,Cornes,5855.1,11/21/2016,Boston Scientific Corporation,6583.48,6583.48
25.305225238,12.605762790,North,168,Lottie,Audiss,3059.88,03/25/2018,"UMH Properties, Inc.",12091.89,24273.66
10.033012823,10.033012823,North,173,Selig,Stayt,890.16,11/20/2016,Eaton Vance Corporation,8872.31,8872.31
31.290184756,31.290184756,North,175,Merell,Goldwater,4225.68,08/29/2016,Legg Mason US Diversified Core ETF,13504.81,13504.81
34.977596669,34.977596669,North,188,Guillermo,Gravenell,1982.81,05/11/2019,"FibroGen, Inc",5668.8,5668.8
50.905827392,50.905827392,North,193,Winthrop,McCanny,9072.63,02/18/2018,Norwood Financial Corp.,17822.38,17822.38
48.025968224,48.025968224,North,194,Rori,Warriner,6299.84,04/06/2018,"Digital Turbine, Inc.",13117.57,13117.57
88.683021162,88.683021162,North,204,Ginni,Wilkerson,6053.37,07/09/2016,Nuveen Georgia Quality Municipal Income Fund,6825.85,6825.85
53.613830118,43.595614749,North,206,Shaylyn,Doel,9354.08,03/23/2019,Zymeworks Inc.,17447.14,21456.47
31.085217086,20.203338999,North,210,Brenden,Shine,5771.9,09/26/2016,Comerica Incorporated,18567.99,28569.04
4.304696183,2.608567813,North,216,Kaine,Ruecastle,207.6,12/08/2017,CNA Financial Corporation,4822.64,7958.39
20.573928858,3.130202796,North,224,Wiatt,Jerschke,997.78,04/11/2018,Tsakos Energy Navigation Ltd,4849.73,31875.89
43.922947468,43.922947468,North,230,Morgan,Causnett,4327.28,04/25/2019,"Globus Medical, Inc.",9851.98,9851.98
50.365418956,23.773785622,North,235,Vincents,Brattan,7361.46,09/28/2018,"Overstock.com, Inc.",14616.1,30964.61
56.918783089,30.590092059,North,237,Tanney,Scrine,6487.25,12/08/2018,"Hawaiian Electric Industries, Inc.",11397.38,21207.03
39.770813797,19.752454242,North,250,Lulu,Columbine,9296.38,05/27/2017,Citigroup Inc.,23374.88,47064.43
47.040027962,31.009414091,North,251,Koralle,Carding,5410.29,09/08/2018,Kayne Anderson MLP Investment Company,11501.46,17447.25
49.591295160,49.591295160,North,258,Jerald,Eagger,8570.08,12/26/2016,Microsemi Corporation,17281.42,17281.42
74.525152479,53.734583422,North,265,Corby,Pascow,7212.82,12/07/2018,"Safe Bulkers, Inc",9678.37,13423.05
38.081098923,29.017793540,North,268,Den,Darthe,5295.55,04/18/2017,"Boot Barn Holdings, Inc.",13905.98,18249.32
88.553780004,34.540068374,North,277,Kendal,Rouf,7924.97,04/30/2017,"Cardinal Health, Inc.",8949.33,22944.28
30.209652301,20.006054618,North,278,Berna,Pavlishchev,6060.02,06/12/2016,Apollo Investment Corporation,20059.88,30290.93
84.852276008,45.804055764,North,280,Burt,Arpin,2733.27,08/30/2016,"Warrior Met Coal, Inc.",3221.21,5967.31
49.634581044,23.428811149,North,306,David,Murrow,7254.64,01/14/2019,"Overstock.com, Inc.",14616.1,30964.61
32.596833825,21.186820955,North,311,Vale,Leagas,1222.88,06/02/2016,"Galena Biopharma, Inc.",3751.53,5771.89
43.068091048,31.324041165,North,313,Salvatore,Petrushanko,5909.39,04/23/2018,SVB Financial Group,13721.04,18865.35
78.646397599,78.646397599,North,318,Bentlee,Steffan,7556.92,09/25/2018,"SeaWorld Entertainment, Inc.",9608.73,9608.73
33.826403466,33.826403466,North,320,Jessica,Naisbit,3459.91,11/29/2018,iShares Core MSCI Total International Stock ETF,10228.43,10228.43
51.974031776,51.974031776,North,327,Dianna,Hallybone,6817.73,05/02/2017,"Digital Turbine, Inc.",13117.57,13117.57
55.322454742,44.406834287,North,332,Rhetta,Fullard,5180.71,08/18/2018,"Curis, Inc.",9364.57,11666.47
44.677545258,35.862261678,North,339,Samson,Bofield,4183.86,01/25/2019,"Curis, Inc.",9364.57,11666.47
54.902645022,28.675060790,North,343,Klara,Calderon,3178.1,06/11/2017,"Teladoc, Inc.",5788.61,11083.15
74.694774762,37.209098257,North,344,Faber,Bussel,9032.01,01/12/2019,"UMH Properties, Inc.",12091.89,24273.66
67.130365163,49.129159509,North,346,Kathlin,Rembrant,8585.92,09/22/2016,"Rockwell Medical, Inc.",12789.92,17476.22
6.292858804,6.292858804,North,349,Powell,Folkes,665.68,08/08/2017,"Juniper Pharmaceuticals, Inc.",10578.34,10578.34
56.238806760,45.375913325,North,367,Samuel,D'Aeth,9781.79,04/18/2019,Global Indemnity Limited,17393.31,21557.23
61.918901077,47.182196378,North,373,Lannie,Nannini,8610.43,07/23/2016,"Boot Barn Holdings, Inc.",13905.98,18249.32
54.677062152,29.468082820,North,382,Raymund,Seaborne,7542.4,12/02/2018,"SilverSun Technologies, Inc.",13794.45,25595.15
12.207620718,5.216160026,North,384,Alta,Marcinkus,1155.61,03/18/2019,Panhandle Royalty Company,9466.3,22154.42
23.669501300,23.669501300,North,391,Adeline,Maris,1760.76,05/22/2017,"Live Oak Bancshares, Inc.",7438.94,7438.94
3.845142991,1.370820927,North,392,Joelly,Rogez,217.99,02/25/2019,"M I Acquisitions, Inc.",5669.23,15902.15
11.200225456,4.294617702,North,394,Mandy,Goodinson,1160.48,07/18/2016,DryShips Inc.,10361.22,27021.73
27.415494272,27.415494272,North,395,Ermentrude,Cassin,1190.06,01/16/2017,"Park City Group, Inc.",4340.83,4340.83
54.767407272,0.809037149,North,396,Aldus,Teek,239.35,06/15/2017,KKR & Co. L.P.,437.03,29584.55
50.408704840,50.408704840,North,398,Delora,McMaster,8711.34,06/20/2017,Microsemi Corporation,17281.42,17281.42
45.642196634,17.401698319,North,400,Tildi,Gray,4831.19,01/17/2018,"Maiden Holdings, Ltd.",10584.92,27762.75
79.426071142,12.084211609,North,403,Allayne,Gryglewski,3851.95,01/03/2018,Tsakos Energy Navigation Ltd,4849.73,31875.89
11.446219996,4.464555000,North,410,Abby,Sartin,1024.36,12/24/2017,"Cardinal Health, Inc.",8949.33,22944.28
20.468725741,20.468725741,North,411,Guillemette,Tollerton,1555.66,09/30/2017,Nuveen Insured California Select Tax-Free Income Portfolio,7600.18,7600.18
66.173596534,66.173596534,North,422,Zuzana,Sams,6768.52,05/09/2017,iShares Core MSCI Total International Stock ETF,10228.43,10228.43
13.415657823,13.415657823,North,428,Bowie,Simonitto,1056.42,07/08/2016,Cushing Energy Income Fund (The),7874.53,7874.53
60.670386026,60.670386026,North,429,Manuel,Huxtable,6731.44,01/27/2019,Differential Brands Group Inc.,11095.1,11095.1
33.437454826,24.500396931,North,436,Juliet,Franzolini,2243.69,10/07/2016,Steel Partners Holdings LP,6710.11,9157.77
21.353602401,21.353602401,North,445,Dallas,Darree,2051.81,07/03/2017,"SeaWorld Entertainment, Inc.",9608.73,9608.73
56.931908952,41.407395039,North,447,Elmo,Lemmon,7811.65,06/24/2017,SVB Financial Group,13721.04,18865.35
38.140922964,30.833853010,North,450,Janeczka,Renzo,3881.35,12/09/2017,"Stericycle, Inc.",10176.34,12587.95
0.622974198,0.622974198,North,452,Holmes,Reihill,104.23,05/15/2018,Kingtone Wirelessinfo Solution Holding Ltd,16731.03,16731.03
25.371552710,12.600960003,North,453,Claus,Layhe,5930.57,09/02/2016,Citigroup Inc.,23374.88,47064.43
11.909544364,3.651843941,North,454,Kai,Littlejohn,390.14,10/25/2018,"Fusion Telecommunications International, Inc.",3275.86,10683.37
32.671794594,19.790052699,North,462,Shaughn,Simoneschi,3259.58,06/17/2016,PowerShares DWA Financial Momentum Portfolio,9976.74,16470.8
45.750910679,23.556592747,North,464,Odie,Nodes,4196.15,03/27/2018,WisdomTree Japan Hedged SmallCap Equity Fund,9171.73,17813.06
73.818625716,73.818625716,North,465,Lexy,Huntingford,8133.41,03/19/2019,MTGE Investment Corp.,11018.1,11018.1
11.063753516,11.063753516,North,469,Rubina,Harrad,728.38,08/10/2018,Boston Scientific Corporation,6583.48,6583.48
32.202214080,16.643385402,North,471,Mil,Baillie,5050.65,04/18/2019,iStar Financial Inc.,15684.17,30346.29
78.635019770,78.635019770,North,475,Sandy,O'Gavin,8040.36,05/22/2017,"Plains All American Pipeline, L.P.",10224.91,10224.91
25.923836028,22.621697447,North,477,Lorrin,Llop,2021.45,04/20/2018,Lazard Global Total Return and Income Fund,7797.65,8935.89
49.497276234,49.497276234,North,490,Gavin,Feige,9568.66,06/07/2016,WGL Holdings Inc,19331.69,19331.69
67.996405837,67.996405837,North,491,Amble,Pallis,7612.83,06/09/2018,"Intersections, Inc.",11195.93,11195.93
47.363399960,47.363399960,North,493,Corie,Steinson,7079.63,03/09/2018,"MVC Capital, Inc.",14947.47,14947.47
15.147723992,8.176883721,North,507,Irita,Bedder,487.94,03/25/2019,"Warrior Met Coal, Inc.",3221.21,5967.31
27.035348401,10.307588405,North,514,Spence,Robecon,2861.67,04/20/2019,"Maiden Holdings, Ltd.",10584.92,27762.75
53.490973326,12.418376201,North,518,Fenelia,Willard,784.29,09/21/2018,iPath US Treasury Long Bond Bull ETN,1466.21,6315.56
56.590251933,56.590251933,North,521,Lewiss,Wilkenson,5317.52,09/03/2018,Scientific Games Corp,9396.53,9396.53
21.428445290,4.538415033,North,528,Bradan,Braiden,1698.8,05/08/2018,HSBC Holdings plc,7927.78,37431.57
88.799774544,34.049411344,North,530,Shoshana,Staniland,9200.74,05/02/2018,DryShips Inc.,10361.22,27021.73
53.910070091,53.910070091,North,535,Susan,Durden,9019.71,02/18/2018,Kingtone Wirelessinfo Solution Holding Ltd,16731.03,16731.03
64.945727139,39.796149943,North,552,Rozamond,Jore,5979.67,04/16/2019,"ING Group, N.V.",9207.18,15025.75
52.959972038,34.911920217,North,559,Lock,Ratley,6091.17,03/17/2019,Kayne Anderson MLP Investment Company,11501.46,17447.25
35.054272861,21.479859574,North,560,Urson,Bent,3227.51,08/28/2017,"ING Group, N.V.",9207.18,15025.75
89.356415974,89.356415974,North,567,Cooper,Tolan,9333.09,09/24/2017,Mimecast Limited,10444.79,10444.79
66.667832799,40.124788877,North,569,Romonda,Mansfield,9718.91,03/03/2018,Zions Bancorporation,14578.11,24221.71
52.636600040,52.636600040,North,573,Stepha,Kirkham,7867.84,04/07/2018,"MVC Capital, Inc.",14947.47,14947.47
60.837773303,28.449152877,North,574,Esra,Tallquist,6993.88,08/15/2018,WSFS Financial Corporation,11495.95,24583.79
67.403166175,43.809739964,North,577,Chuck,Benko,2528.65,10/25/2017,"Galena Biopharma, Inc.",3751.53,5771.89
85.984789502,8.166768921,North,579,Nicolis,Dunster,8338.16,07/04/2017,Bank of America Corporation,9697.25,102098.64
19.734984778,12.826437290,North,581,Melody,Knowler,3664.39,11/30/2017,Comerica Incorporated,18567.99,28569.04
69.512687552,39.848688654,North,585,Judi,Noquet,5009.55,11/02/2017,"Anthem, Inc.",7206.67,12571.43
39.162226697,18.313164894,North,587,Ode,End,4502.07,11/02/2017,WSFS Financial Corporation,11495.95,24583.79
93.707141196,93.707141196,North,590,Joseito,Cocher,9912.66,04/28/2019,"Juniper Pharmaceuticals, Inc.",10578.34,10578.34
84.811937373,37.435162837,North,593,Anette,Addekin,8584.8,09/05/2017,"P.A.M. Transportation Services, Inc.",10122.16,22932.45
89.966987177,89.966987177,North,594,Archaimbaud,Utterson,7982.15,05/13/2017,Eaton Vance Corporation,8872.31,8872.31
55.121164643,41.202509125,North,598,Marlowe,Cloke,3497.03,07/08/2016,Stellar Acquisition III Inc.,6344.26,8487.42
45.674283065,24.512058306,North,599,Daisi,Campos,4225.57,05/28/2018,INVESCO MORTGAGE CAPITAL INC,9251.53,17238.74
11.316978838,11.316978838,North,603,Phillis,Kelwick,772.48,05/12/2018,Nuveen Georgia Quality Municipal Income Fund,6825.85,6825.85
60.564959884,60.564959884,North,607,Jennica,McGilvary,9515.27,11/03/2018,"The Meet Group, Inc.",15710.85,15710.85
74.076163972,64.640455511,North,608,Burl,Rodder,5776.2,02/05/2018,Lazard Global Total Return and Income Fund,7797.65,8935.89
48.589224736,23.697802088,North,621,Merola,Northrop,9129.41,03/28/2018,Ashford Hospitality Trust Inc,18788.96,38524.29
45.024678304,45.024678304,North,630,Roana,Shepperd,5795.41,06/29/2018,"PDC Energy, Inc.",12871.63,12871.63
56.077052532,56.077052532,North,633,Whit,Maccrea,5524.7,09/07/2017,"Globus Medical, Inc.",9851.98,9851.98
39.435040116,39.435040116,North,636,Hartley,Enterle,6195.58,09/19/2017,"The Meet Group, Inc.",15710.85,15710.85
47.736096874,16.838065647,North,641,Natassia,Morford,3641.72,12/21/2018,Fortress Investment Group LLC,7628.86,21627.9
65.022403331,65.022403331,North,649,Kaycee,Petegree,3685.99,05/30/2018,"FibroGen, Inc",5668.8,5668.8
96.154857009,34.279892970,North,651,Claudell,Stieger,5451.24,01/01/2019,"M I Acquisitions, Inc.",5669.23,15902.15
17.217513214,17.217513214,North,653,Pamela,Carloni,1282.14,12/06/2018,TESSCO Technologies Incorporated,7446.72,7446.72
45.505345401,22.904616446,North,668,Sherline,Kinver,8178.43,10/08/2016,BB&T Corporation,17972.46,35706.47
11.742868692,8.782497430,North,676,Baron,Don,1074.86,10/25/2016,DarioHealth Corp.,9153.3,12238.66
88.759384300,26.938684375,North,680,Peyter,Joye,9072.86,11/08/2018,Morgan Stanley,10221.86,33679.67
75.163870787,20.168662025,North,692,Nertie,Brason,2362.19,01/16/2019,Check Point Software Technologies Ltd.,3142.72,11712.18
43.761193240,35.308432484,North,701,Glori,Kleinhaus,7611.52,11/21/2017,Global Indemnity Limited,17393.31,21557.23
39.329613974,39.329613974,North,709,Ethelind,Impson,4363.66,10/25/2018,Differential Brands Group Inc.,11095.1,11095.1
87.435627576,87.435627576,North,711,Free,Philot,8706.56,03/10/2018,Adient plc,9957.68,9957.68
66.504463557,36.995418674,North,713,Maryjane,Peedell,7087.66,01/09/2018,Hunter Maritime Acquisition Corp.,10657.42,19158.21
33.332167201,20.061341664,North,716,Elvira,Ramstead,4859.2,01/28/2019,Zions Bancorporation,14578.11,24221.71
68.709815244,68.709815244,North,729,Cleopatra,Petris,9279.13,12/12/2017,Legg Mason US Diversified Core ETF,13504.81,13504.81
45.322937848,24.426698027,North,735,Carroll,Dowdle,6252.05,09/13/2018,"SilverSun Technologies, Inc.",13794.45,25595.15
32.697863580,32.697863580,North,737,Lana,O' Hogan,1232.51,04/20/2017,"Praxair, Inc.",3769.39,3769.39
67.992478210,13.997597869,North,744,Claiborne,Sandes,6490.29,05/01/2018,"NextEra Energy, Inc.",9545.6,46367.17
53.323530272,42.559666308,North,748,Adriane,Fransseni,8017.79,09/24/2018,E.I. du Pont de Nemours and Company,15036.12,18838.94
87.190770473,52.502568907,North,751,Huey,Jacquet,5615.26,02/18/2019,"Vail Resorts, Inc.",6440.2,10695.21
52.701626351,35.798673903,North,752,Benedicto,Griggs,6510.78,04/25/2018,PowerShares 1-30 Laddered Treasury Portfolio,12354.04,18187.21
54.804154945,54.804154945,North,757,Rowney,Hallitt,506.5,01/01/2019,"Financial Engines, Inc.",924.2,924.2
44.878835357,33.546472308,North,759,Noland,Bon,2847.23,10/17/2018,Stellar Acquisition III Inc.,6344.26,8487.42
63.988482598,63.988482598,North,760,Danila,Arnall,7364.78,06/01/2018,"BlackRock, Inc.",11509.54,11509.54
21.364980230,21.364980230,North,763,Nelly,Boame,2184.55,07/03/2018,"Plains All American Pipeline, L.P.",10224.91,10224.91
88.753370504,31.819534808,North,766,Niles,Howard,9321.66,05/25/2018,Mountain Province Diamonds Inc.,10502.88,29295.4
87.792379282,37.512559571,North,768,Morna,Castiglio,8310.69,08/26/2016,Panhandle Royalty Company,9466.3,22154.42
53.187071693,53.187071693,North,783,Brade,Dallywater,5259.01,10/19/2018,ENGlobal Corporation,9887.76,9887.76
53.488657821,12.938472343,North,786,Trula,Sollon,4484.12,12/17/2017,Qwest Corporation,8383.31,34657.26
67.328205406,40.782232800,North,787,Billi,Zimmermanns,6717.16,04/09/2018,PowerShares DWA Financial Momentum Portfolio,9976.74,16470.8
82.782486786,82.782486786,North,789,Trent,Romushkin,6164.58,10/18/2017,TESSCO Technologies Incorporated,7446.72,7446.72
33.853480675,4.511330460,North,793,Brod,MacCosty,1298,10/25/2016,"Colony NorthStar, Inc.",3834.17,28772
21.682373003,21.682373003,North,795,Dasi,Kilmartin,2188.3,02/18/2017,"Blackrock Enhanced Government Fund, Inc",10092.53,10092.53
66.562545174,48.771917181,North,801,Donica,Whitehorne,4466.42,12/01/2017,Steel Partners Holdings LP,6710.11,9157.77
61.859077036,50.008063267,North,814,Dedie,Dye,6294.99,12/01/2017,"Stericycle, Inc.",10176.34,12587.95
39.686017747,19.355554638,North,816,Marvin,Davidovsky,7456.59,06/28/2016,Ashford Hospitality Trust Inc,18788.96,38524.29
17.134095749,3.484018279,North,824,Frederich,Lunck,1133.71,02/20/2017,Public Storage,6616.69,32540.3
30.487312448,17.477088923,North,827,Devondra,Woodley,2197.12,02/19/2018,"Anthem, Inc.",7206.67,12571.43
86.584342177,86.584342177,North,829,Bryanty,Brennand,6818.11,12/09/2016,Cushing Energy Income Fund (The),7874.53,7874.53
67.302136420,67.302136420,North,833,Trescha,Doward,2536.88,12/15/2016,"Praxair, Inc.",3769.39,3769.39
33.797958911,22.382376507,North,852,Mortimer,Jensen,6779.83,04/09/2018,Apollo Investment Corporation,20059.88,30290.93
41.525412751,10.746616163,North,854,Osmond,Dewhurst,3846.69,01/21/2018,DDR Corp.,9263.46,35794.43
75.547780342,23.461035240,North,857,Jinny,Maggs,4262.3,08/09/2018,Dynegy Inc.,5641.86,18167.57
32.007521790,6.589382099,North,858,Devlin,Kix,3055.31,08/20/2018,"NextEra Energy, Inc.",9545.6,46367.17
31.288230464,6.278447640,North,859,Sharai,Goodright,746.8,04/15/2019,"Amber Road, Inc.",2386.84,11894.66
54.494654599,27.429286625,North,865,Mariette,Kimmerling,9794.03,05/06/2017,BB&T Corporation,17972.46,35706.47
36.011517402,36.011517402,North,871,Porty,Radke,4144.76,07/17/2016,"BlackRock, Inc.",11509.54,11509.54
46.676469728,37.254378431,North,872,Kara-lynn,Morrice,7018.33,05/08/2017,E.I. du Pont de Nemours and Company,15036.12,18838.94
48.313000949,48.313000949,North,879,Darb,Oliver,2433.98,05/10/2017,Masonite International Corporation,5037.94,5037.94
49.179798136,31.963622159,North,881,Jackie,Dibley,9131.7,03/29/2018,Comerica Incorporated,18567.99,28569.04
12.809229527,7.713172532,North,884,Kristen,Firidolfi,824.94,09/04/2016,"Vail Resorts, Inc.",6440.2,10695.21
23.686100815,5.989339111,North,892,Morgen,Scarr,1111.25,06/06/2017,CymaBay Therapeutics Inc.,4691.57,18553.8
45.097354978,23.553863297,North,893,Torrie,Domenico,2610.51,09/02/2016,"Teladoc, Inc.",5788.61,11083.15
26.181374284,26.181374284,North,895,Riki,Hallgath,2884.69,07/25/2016,MTGE Investment Corp.,11018.1,11018.1
88.090455636,27.011326950,North,917,Garnet,McMenamie,2885.72,05/17/2017,"Fusion Telecommunications International, Inc.",3275.86,10683.37
66.146519325,8.814715696,North,921,Gerome,Mewes,2536.17,03/03/2017,"Colony NorthStar, Inc.",3834.17,28772
76.330498700,76.330498700,North,923,Cherry,Melling,5678.18,06/25/2018,"Live Oak Bancshares, Inc.",7438.94,7438.94
72.584505728,72.584505728,North,926,Cassius,Moulton,3150.77,05/09/2018,"Park City Group, Inc.",4340.83,4340.83
88.257131308,66.007553114,North,935,Ingrim,Stenett,8078.44,07/30/2016,DarioHealth Corp.,9153.3,12238.66
45.466955710,45.466955710,North,943,Callie,Creaney,7607.09,11/26/2018,Kingtone Wirelessinfo Solution Holding Ltd,16731.03,16731.03
45.232592728,0.668186604,North,949,Heath,Halms,197.68,03/16/2018,KKR & Co. L.P.,437.03,29584.55
46.812928307,46.812928307,North,952,Vitia,Domegan,4628.75,07/29/2018,ENGlobal Corporation,9887.76,9887.76
46.511342179,11.250716300,North,956,Shelia,Kitney,3899.19,04/27/2019,Qwest Corporation,8383.31,34657.26
46.509026674,10.797458974,North,957,Bryanty,Danell,681.92,12/10/2017,iPath US Treasury Long Bond Bull ETN,1466.21,6315.56
12.516045081,5.751585895,North,965,Norrie,Fitton,567.49,04/06/2018,"CSW Industrials, Inc.",4534.1,9866.67
32.003594163,32.003594163,North,978,Bevon,Dobrowolny,3583.1,11/12/2016,"Intersections, Inc.",11195.93,11195.93
48.787632185,48.787632185,North,983,Helge,Meagh,8650.94,03/03/2017,"Central Europe, Russia and Turkey Fund, Inc. (The)",17731.83,17731.83
12.254351401,12.254351401,North,985,Izaak,Bartolomeu,1184.91,09/15/2018,"Turkish Investment Fund, Inc. (The)",9669.3,9669.3
12.016064605,6.210380247,North,991,Tiphanie,Kits,1884.62,12/28/2016,iStar Financial Inc.,15684.17,30346.29
87.745648599,87.745648599,North,996,Lauri,Hoyles,8484.39,07/04/2017,"Turkish Investment Fund, Inc. (The)",9669.3,9669.3
78.683884371,37.606123021,South,1,Thibaud,Murfill,6666.02,11/14/2018,"American Software, Inc.",8471.9,17725.89
78.839284290,73.054935885,South,39,Helenka,Bolland,4447.19,09/05/2017,Cemtrex Inc.,5640.83,6087.46
58.845133749,58.845133749,South,40,Hewett,Leyden,5824.05,02/25/2018,"Ambarella, Inc.",9897.25,9897.25
67.903294818,67.903294818,South,44,Trent,Haylock,6998.65,07/22/2016,"Southern First Bancshares, Inc.",10306.79,10306.79
31.972371500,31.972371500,South,45,Phaidra,McClelland,994.75,09/04/2017,First Trust International Multi-Asset Diversified Income Index,3111.28,3111.28
69.765739050,69.765739050,South,56,Penny,Attac,6088.47,12/09/2018,La Quinta Holdings Inc.,8727.02,8727.02
84.731772674,35.517442098,South,68,Jodie,Wison,9372.3,07/24/2017,Allstate Corporation (The),11061.14,26387.88
11.286388720,1.800647091,South,74,June,Georges,532.16,09/21/2018,"America Movil, S.A.B. de C.V.",4715.06,29553.82
43.595611817,43.595611817,South,81,Kalina,Hebner,7509.1,07/16/2017,Nuveen Select Tax Free Income Portfolio II,17224.44,17224.44
43.148005306,32.204176250,South,82,Egbert,Greenroad,3574.48,08/20/2018,Vanguard Russell 2000 ETF,8284.23,11099.43
36.439021008,36.439021008,South,86,Hurley,Gourlay,6306.72,04/09/2019,Lincoln National Corporation,17307.6,17307.6
2.565857748,2.565857748,South,100,Lamond,Olivas,175.05,02/05/2018,"Terra Nitrogen Company, L.P.",6822.28,6822.28
66.473881515,41.989756669,South,103,Finlay,Kunat,6216.89,08/01/2017,Opus Bank,9352.38,14805.73
39.587895803,27.750748009,South,109,Libbi,Turk,6097.3,08/06/2017,"Cyclacel Pharmaceuticals, Inc.",15401.93,21971.66
66.439465515,66.439465515,South,117,Franz,Mendus,7876,04/28/2017,Cooper-Standard Holdings Inc.,11854.4,11854.4
18.475577488,18.475577488,South,122,Brander,Dudhill,687.77,11/27/2017,"Synopsys, Inc.",3722.59,3722.59
51.389595211,22.647837703,South,124,Harlie,Duchesne,5759.9,01/19/2017,CABCO Series 2004-101 Trust,11208.3,25432.45
59.984413248,59.984413248,South,133,Catina,Caccavale,5295.43,10/21/2016,"Customers Bancorp, Inc",8828.01,8828.01
6.754626967,3.540708108,South,150,Pansie,Thomasset,1458.89,03/03/2019,"Goldman Sachs Group, Inc. (The)",21598.38,41203.34
14.870268238,14.870268238,South,153,Shaina,Oda,1186.35,09/22/2017,"Neenah Paper, Inc.",7978,7978
72.284302075,72.284302075,South,156,Lynnet,Anthonies,9780.76,04/01/2019,First Trust New Opportunities MLP & Energy Fund,13530.96,13530.96
85.373119247,60.809475796,South,157,Urban,Chaize,8956.05,12/23/2017,Tesoro Corporation,10490.48,14728.05
84.989299430,59.298647616,South,162,Aldridge,Ourry,8156.95,10/18/2016,Ferroglobe PLC,9597.62,13755.71
12.868600487,6.376211727,South,169,Cris,Brannigan,1648.94,03/07/2018,Aegon NV,12813.67,25860.81
37.431149715,25.261569583,South,181,Washington,McSkeagan,5789.3,01/30/2017,Meritage Corporation,15466.53,22917.42
30.234260950,30.234260950,South,192,Blanch,Durnell,2638.55,04/18/2019,La Quinta Holdings Inc.,8727.02,8727.02
18.000695219,9.917621948,South,194,Lyndell,Poundsford,1967.8,12/12/2017,Urstadt Biddle Properties Inc.,10931.8,19841.45
62.865899615,37.728665754,South,196,Vikky,Castelijn,9283.64,01/03/2017,Ares Management L.P.,14767.37,24606.33
19.042091899,19.042091899,South,197,Cybil,Degoy,3638.78,01/19/2017,"BofI Holding, Inc.",19109.14,19109.14
76.680143879,56.303817899,South,200,Wendi,Aiskovitch,9795.62,08/22/2018,"MetLife, Inc.",12774.65,17397.79
43.657617728,23.050088472,South,205,Owen,Grunnill,7137.37,01/28/2019,"Overstock.com, Inc.",16348.51,30964.61
52.087695579,52.087695579,South,207,Amery,Kunkel,9015.13,02/13/2018,Lincoln National Corporation,17307.6,17307.6
34.300603905,34.300603905,South,220,Sharla,Starte,5006.18,05/27/2016,"Pixelworks, Inc.",14595.02,14595.02
18.864576457,18.864576457,South,221,Deena,Strowlger,311.49,12/06/2018,MUELLER WATER PRODUCTS,1651.19,1651.19
20.481716509,20.481716509,South,226,Kathy,Howkins,292.1,09/05/2017,Nuveen Texas Quality Municipal Income Fund,1426.15,1426.15
51.331573452,45.829759172,South,237,Jocko,Beere,2772.87,08/27/2017,Anheuser-Busch Inbev SA,5401.88,6050.37
66.645594698,46.051494379,South,243,Brok,Gudger,5903.82,01/19/2018,"Cohen & Steers Global Income Builder, Inc.",8858.53,12820.04
92.019090821,92.019090821,South,249,Jazmin,Yurin,9805.95,02/03/2019,Neff Corporation,10656.43,10656.43
56.582082018,38.330889987,South,253,Maribelle,Biesinger,8709.38,12/03/2017,"Malvern Bancorp, Inc.",15392.47,22721.57
8.033808851,3.193305033,South,254,Thaddeus,Thake,1126.72,06/04/2017,EPR Properties,14024.73,35283.82
12.918457351,12.250643835,South,261,Gaspar,Claxton,1239.65,01/20/2017,Seaspan Corporation,9595.96,10119.06
66.528510703,66.528510703,South,263,Kristo,Powner,4200.69,02/18/2019,"PGT Innovations, Inc.",6314.12,6314.12
87.594524470,87.594524470,South,272,Carmelina,Metzing,9790.44,04/28/2019,Coca Cola Femsa S.A.B. de C.V.,11177,11177
33.471489297,33.471489297,South,274,Helyn,Compson,2113.43,04/30/2019,"PGT Innovations, Inc.",6314.12,6314.12
27.715697925,27.715697925,South,276,Ailsun,Donett,3750.2,09/26/2016,First Trust New Opportunities MLP & Energy Fund,13530.96,13530.96
33.364052107,23.471662702,South,278,Padraic,Chattoe,7128.52,03/04/2019,Lehman ABS Corporation,21365.87,30370.75
80.262573852,51.717026013,South,279,Dehlia,Oxterby,8733.78,02/15/2017,"Gulf Resources, Inc.",10881.51,16887.63
56.404388183,56.404388183,South,280,Fax,Marcq,9715.34,10/18/2016,Nuveen Select Tax Free Income Portfolio II,17224.44,17224.44
94.465807660,38.379223571,South,283,Hortense,Laker,5812.33,01/20/2019,Telecom Argentina Stet - France Telecom S.A.,6152.84,15144.47
35.493151423,28.002566421,South,297,Wallas,Backhurst,3360.63,10/14/2016,"Dynex Capital, Inc.",9468.39,12001.15
95.098827355,19.722470927,South,302,Elbert,Treffry,4696.37,11/02/2016,"AmTrust Financial Services, Inc.",4938.41,23812.28
46.176336599,25.623704971,South,310,Etti,Welsby,4074.72,05/06/2018,"M I Acquisitions, Inc.",8824.26,15902.15
65.699396095,65.699396095,South,311,Cass,Ballham,9588.84,10/31/2018,"Pixelworks, Inc.",14595.02,14595.02
15.268227326,6.400059421,South,315,Ellynn,Chilles,1688.84,07/23/2017,Allstate Corporation (The),11061.14,26387.88
46.007231512,18.287107235,South,319,Fenelia,Cattrell,6452.39,05/20/2018,EPR Properties,14024.73,35283.82
32.096705182,32.096705182,South,324,Carmita,Laugheran,3308.14,12/25/2016,"Southern First Bancshares, Inc.",10306.79,10306.79
23.944172830,10.295012001,South,327,Delilah,Clymo,6845.73,08/21/2018,J P Morgan Chase & Co,28590.38,66495.6
54.825313805,20.346074960,South,342,Stillman,Thurlby,3790.37,11/21/2017,GasLog LP.,6913.54,18629.49
7.980909179,7.980909179,South,347,Kacie,Houltham,850.48,09/11/2017,Neff Corporation,10656.43,10656.43
35.849500124,23.822991564,South,348,Eleanor,Lonie,5200.54,04/09/2019,Playa Hotels & Resorts N.V.,14506.59,21829.92
63.318592879,41.333636689,South,354,Bernita,Stittle,9955.69,09/09/2018,Amerco,15723.17,24086.17
41.154866251,41.154866251,South,358,Dorris,Glassup,4073.2,08/27/2018,"Ambarella, Inc.",9897.25,9897.25
9.246602879,2.387441760,South,361,Mannie,Asser,724.5,12/22/2016,iStar Financial Inc.,7835.31,30346.29
43.002754415,6.934747282,South,365,Cody,Geale,2335.6,05/29/2017,Morgan Stanley,5431.28,33679.67
11.704496845,11.704496845,South,366,Natasha,Obey,796.23,07/08/2018,MSCI Inc,6802.77,6802.77
62.313651074,27.273498964,South,367,Stinky,Durnford,8193.03,02/28/2017,Fifth Street Finance Corp.,13148.05,30040.26
25.399173457,13.313993477,South,371,Evey,Halwell,5485.81,12/17/2016,"Goldman Sachs Group, Inc. (The)",21598.38,41203.34
38.213260076,38.213260076,South,376,Kimmi,Trippitt,3740.44,06/21/2016,KraneShares CSI China Internet ETF,9788.33,9788.33
21.316115629,10.187810034,South,379,Jaquenette,Mart,1805.88,07/28/2017,"American Software, Inc.",8471.9,17725.89
66.960349764,66.960349764,South,391,Dacie,Bonsale,8873.84,03/04/2019,The Charles Schwab Corporation,13252.38,13252.38
32.968212688,11.749584362,South,395,Tyler,Malcolmson,3823.35,07/30/2018,Public Storage,11597.08,32540.3
81.135423543,81.135423543,South,404,Jae,Aberkirdo,1339.7,12/12/2016,MUELLER WATER PRODUCTS,1651.19,1651.19
72.235310769,72.235310769,South,405,Paige,Guildford,8778.23,07/21/2016,Azure Power Global Limited,12152.27,12152.27
22.057166326,5.922407103,South,417,Launce,Scad,3039.74,06/23/2018,Wells Fargo & Company,13781.19,51326.09
45.070734563,24.131145795,South,418,Florida,Alibone,7974.96,03/11/2019,Mylan N.V.,17694.32,33048.41
22.681107466,21.508618389,South,419,Archambault,Bezzant,2176.47,08/13/2018,Seaspan Corporation,9595.96,10119.06
63.753783996,39.104891706,South,422,Yule,Foulcher,8527.33,11/06/2018,Andina Acquisition Corp. II,13375.41,21806.3
33.526118485,21.177544099,South,423,Daniela,Inett,3135.49,11/19/2016,Opus Bank,9352.38,14805.73
64.506848577,50.893122742,South,424,Liva,Moxley,6107.76,06/28/2018,"Dynex Capital, Inc.",9468.39,12001.15
45.914595615,45.914595615,South,425,Kathleen,McIlwain,6706.52,06/30/2018,Global X SuperDividend REIT ETF,14606.51,14606.51
79.518283491,79.518283491,South,427,Enriqueta,Walshe,1134.05,05/22/2017,Nuveen Texas Quality Municipal Income Fund,1426.15,1426.15
68.027628500,68.027628500,South,429,Glen,Asher,2116.53,10/06/2018,First Trust International Multi-Asset Diversified Income Index,3111.28,3111.28
5.942859506,2.362187541,South,431,Sydney,Botley,833.47,09/06/2018,EPR Properties,14024.73,35283.82
48.610404789,21.423024522,South,435,Danica,Grzegorek,5448.4,12/13/2017,CABCO Series 2004-101 Trust,11208.3,25432.45
47.145418725,23.206970199,South,443,Jeni,Whoolehan,8042.9,06/07/2016,Qwest Corporation,17059.77,34657.26
56.342382272,29.747314757,South,445,Lucian,Walding,9211.14,08/16/2016,"Overstock.com, Inc.",16348.51,30964.61
26.524777385,26.524777385,South,461,Neils,Pallesen,2341.61,03/23/2017,"Customers Bancorp, Inc",8828.01,8828.01
74.131912355,74.131912355,South,474,Tansy,Perel,7740.58,06/17/2016,Aercap Holdings N.V.,10441.63,10441.63
32.195468002,32.195468002,South,475,Morlee,Pittam,2437.11,11/02/2017,"Merrimack Pharmaceuticals, Inc.",7569.73,7569.73
33.912173043,17.776422979,South,479,Idalina,Bellingham,7324.48,08/30/2016,"Goldman Sachs Group, Inc. (The)",21598.38,41203.34
37.686348926,16.494597583,South,496,Torrey,Colbourn,4955.02,07/06/2017,Fifth Street Finance Corp.,13148.05,30040.26
54.409526784,15.411522627,South,498,Steffi,Boyda,4912.56,12/04/2016,Tsakos Energy Navigation Ltd,9028.86,31875.89
11.473283413,11.473283413,South,511,Irina,Beche,1985.75,08/06/2017,Lincoln National Corporation,17307.6,17307.6
40.484183757,22.305073470,South,519,Sibylle,Garatty,4425.65,02/02/2019,Urstadt Biddle Properties Inc.,10931.8,19841.45
33.934026533,17.787878361,South,520,Engelbert,Clapham,7329.2,11/25/2017,"Goldman Sachs Group, Inc. (The)",21598.38,41203.34
5.534192340,2.248411466,South,521,Miguel,Parsisson,340.51,05/13/2018,Telecom Argentina Stet - France Telecom S.A.,6152.84,15144.47
62.568850285,42.226524626,South,526,Nick,Lannen,9677.23,10/27/2016,Meritage Corporation,15466.53,22917.42
14.626880753,10.418419275,South,529,Roxane,Malthouse,1534.43,07/06/2017,Tesoro Corporation,10490.48,14728.05
67.019944666,50.049200854,South,530,Alessandra,Blackborn,6123.8,04/03/2019,"Healthcare Trust of America, Inc.",9137.28,12235.56
81.524422512,81.524422512,South,535,Madison,Van Geffen,3034.82,06/30/2018,"Synopsys, Inc.",3722.59,3722.59
20.050055772,9.200710215,South,538,Derril,De Gowe,9393.8,05/23/2018,Bank of America Corporation,46851.74,102098.64
54.085404385,54.085404385,South,546,Sabine,Poston,7899.99,05/15/2019,Global X SuperDividend REIT ETF,14606.51,14606.51
21.160715710,19.608178124,South,547,Pepito,Frenzel;,1193.64,04/06/2019,Cemtrex Inc.,5640.83,6087.46
15.010700570,10.473250745,South,549,Daren,Briand,1440.67,03/08/2017,Ferroglobe PLC,9597.62,13755.71
96.623433681,36.143472783,South,560,Stanfield,Ten Broek,3166.92,07/18/2016,"RCI Hospitality Holdings, Inc.",3277.59,8762.08
30.096102255,12.940089269,South,570,Melisse,Djekovic,8604.59,12/15/2016,J P Morgan Chase & Co,28590.38,66495.6
25.868087645,25.868087645,South,579,Sherry,Olivetti,2701.05,02/14/2017,Aercap Holdings N.V.,10441.63,10441.63
40.063805618,40.063805618,South,583,Ciro,Gooms,1989.2,05/27/2016,"Cohu, Inc.",4965.08,4965.08
4.901172645,1.016450336,South,584,Harley,Batchellor,242.04,01/09/2019,"AmTrust Financial Services, Inc.",4938.41,23812.28
88.713611280,14.153500292,South,585,Hamid,Keble,4182.9,06/11/2018,"America Movil, S.A.B. de C.V.",4715.06,29553.82
30.311189604,20.142629932,South,587,Debor,Tiesman,4397.12,06/16/2016,Playa Hotels & Resorts N.V.,14506.59,21829.92
32.980055334,24.628868642,South,610,Samaria,Fillis,3013.48,05/25/2016,"Healthcare Trust of America, Inc.",9137.28,12235.56
19.089960900,19.089960900,South,611,Sanderson,Clendinning,1129.28,05/16/2017,"Cellular Biomedicine Group, Inc.",5915.57,5915.57
36.681407121,23.945193445,South,616,Nikita,Chater,5767.48,10/22/2018,Amerco,15723.17,24086.17
66.507540407,58.991988570,South,617,Eula,Feander,9405.37,01/19/2017,"Wheeler Real Estate Investment Trust, Inc.",14141.81,15943.47
5.101373399,2.366822095,South,618,Thaxter,Edens,693.37,04/06/2018,Mountain Province Diamonds Inc.,13591.83,29295.4
33.039650236,33.039650236,South,629,Addison,Garn,4378.54,07/21/2018,The Charles Schwab Corporation,13252.38,13252.38
27.764689231,27.764689231,South,643,Carley,Glynne,3374.04,04/01/2019,Azure Power Global Limited,12152.27,12152.27
45.174686195,16.764656467,South,644,Barde,Breckin,3123.17,10/23/2017,GasLog LP.,6913.54,18629.49
20.506851669,18.189515833,South,648,Kass,Hickisson,2900.04,10/17/2017,"Wheeler Real Estate Investment Trust, Inc.",14141.81,15943.47
52.854581275,26.017261607,South,653,Jessika,Matei,9016.87,06/19/2018,Qwest Corporation,17059.77,34657.26
27.726181990,19.505412280,South,654,Fancy,Hundy,5923.94,03/13/2018,Lehman ABS Corporation,21365.87,30370.75
38.450727499,16.611810672,South,657,Andromache,Evershed,4467.69,09/26/2016,"Ocean Bio-Chem, Inc.",11619.26,26894.66
53.961729270,23.493991836,South,658,Gianna,Freckelton,8794.17,09/23/2017,HSBC Holdings plc,16297.05,37431.57
61.786739924,61.786739924,South,662,Petronille,Tomsett,6047.89,01/19/2018,KraneShares CSI China Internet ETF,9788.33,9788.33
29.344504450,21.108073885,South,667,Basilio,Greson,3118.91,02/16/2018,"Allied World Assurance Company Holdings, AG",10628.6,14775.91
67.607078924,18.152678297,South,668,Marrilee,Sayer,9317.06,03/23/2019,Wells Fargo & Company,13781.19,51326.09
20.009825314,5.344188814,South,674,Sibbie,Symones,1254.52,09/11/2016,Liberty Interactive Corporation,6269.52,23474.47
53.823663401,29.867282097,South,678,Shellysheldon,Dreakin,4749.54,12/07/2017,"M I Acquisitions, Inc.",8824.26,15902.15
41.515121023,22.873076312,South,683,Maddalena,Perello,4538.35,12/24/2016,Urstadt Biddle Properties Inc.,10931.8,19841.45
79.990174686,21.363634621,South,692,Yuri,Cockshtt,5015,03/31/2019,Liberty Interactive Corporation,6269.52,23474.47
58.346742124,27.070427439,South,694,Frans,Wager,7930.39,09/07/2016,Mountain Province Diamonds Inc.,13591.83,29295.4
15.675703827,7.193376915,South,695,Terri,Abethell,7344.34,03/10/2018,Bank of America Corporation,46851.74,102098.64
36.551884478,16.958532739,South,704,Dierdre,Shervil,4968.07,10/20/2017,Mountain Province Diamonds Inc.,13591.83,29295.4
23.638425997,9.526331270,South,708,Susann,Muckle,2840.45,12/16/2016,"CYS Investments, Inc.",12016.24,29816.83
12.985607924,11.518195223,South,709,Dusty,Mulvihill,1836.4,03/13/2019,"Wheeler Real Estate Investment Trust, Inc.",14141.81,15943.47
20.845309054,9.565641619,South,714,Derwin,Di Biaggi,9766.39,07/10/2016,Bank of America Corporation,46851.74,102098.64
57.813465289,57.813465289,South,717,Flossi,O'Hegertie,7617.56,10/19/2017,"WPX Energy, Inc.",13176.1,13176.1
19.737426148,12.717770344,South,718,Yolanda,Rennenbach,2147.73,12/28/2018,"Gulf Resources, Inc.",10881.51,16887.63
36.246216004,22.232474102,South,723,Beitris,Dillinger,4848.08,05/10/2019,Andina Acquisition Corp. II,13375.41,21806.3
46.361405904,46.361405904,South,727,Haroun,Kobelt,8006.23,03/16/2018,iShares GNMA Bond ETF,17269.17,17269.17
45.590473216,12.913521787,South,728,Baxie,Kelmere,4116.3,08/02/2018,Tsakos Energy Navigation Ltd,9028.86,31875.89
35.675074859,35.675074859,South,729,Itch,Gatehouse,6817.2,07/12/2017,"BofI Holding, Inc.",19109.14,19109.14
53.638594096,53.638594096,South,731,Ailyn,Staden,9262.94,05/28/2016,iShares GNMA Bond ETF,17269.17,17269.17
45.282833241,45.282833241,South,734,Kaela,Jina,8653.16,06/23/2018,"BofI Holding, Inc.",19109.14,19109.14
16.703221695,7.664891521,South,741,Munroe,Larvent,7825.75,06/12/2016,Bank of America Corporation,46851.74,102098.64
33.354405302,23.047587995,South,747,Gabrila,Bourcq,2954.71,12/06/2018,"Cohen & Steers Global Income Builder, Inc.",8858.53,12820.04
67.804531998,67.804531998,South,752,Melisande,Grinov,5132.62,10/23/2016,"Merrimack Pharmaceuticals, Inc.",7569.73,7569.73
29.779614921,12.001242251,South,758,Marie-jeanne,Blyth,3578.39,10/04/2018,"CYS Investments, Inc.",12016.24,29816.83
1.990320957,0.913332440,South,761,Rozanne,Prendeguest,932.5,10/15/2017,Bank of America Corporation,46851.74,102098.64
37.134100385,22.285850836,South,767,Daniella,Exposito,5483.73,09/19/2016,Ares Management L.P.,14767.37,24606.33
94.358356118,35.528009777,South,770,Ada,Wendover,3154.23,10/30/2018,"The Finish Line, Inc.",3342.82,8878.15
12.405475530,12.405475530,South,771,Ingaborg,Annable,1386.56,12/19/2017,Coca Cola Femsa S.A.B. de C.V.,11177,11177
60.412104197,42.348325070,South,775,Johann,Bernaciak,9304.63,11/18/2016,"Cyclacel Pharmaceuticals, Inc.",15401.93,21971.66
54.929265437,29.409463269,South,776,Morgan,Locks,9719.36,04/23/2018,Mylan N.V.,17694.32,33048.41
46.581959082,18.772619356,South,777,Packston,Knibb,5597.4,12/09/2017,"CYS Investments, Inc.",12016.24,29816.83
59.936194382,59.936194382,South,790,Lexy,Chong,2975.88,01/05/2017,"Cohu, Inc.",4965.08,4965.08
5.641643882,2.124203804,South,791,Collette,Clericoates,188.59,09/20/2017,"The Finish Line, Inc.",3342.82,8878.15
67.031787312,23.889546193,South,796,Caressa,Remmer,7773.73,04/29/2018,Public Storage,11597.08,32540.3
23.319856121,17.123036891,South,799,Sissie,Muccino,2979.03,03/25/2018,"MetLife, Inc.",12774.65,17397.79
89.941332906,51.193210778,South,804,Clair,Kinnerk,9652.27,10/07/2016,"MacroGenics, Inc.",10731.74,18854.59
10.058667094,5.725237197,South,807,Tracie,Bartoloma,1079.47,06/21/2016,"MacroGenics, Inc.",10731.74,18854.59
87.817654310,31.029776202,South,816,Stace,Rouby,6831.59,08/15/2017,Pebblebrook Hotel Trust,7779.29,22016.24
41.329315624,10.671090272,South,819,Berton,Calbert,3238.28,02/20/2017,iStar Financial Inc.,7835.31,30346.29
70.655495550,50.823874807,South,824,Dorette,Durtnell,7509.69,09/27/2018,"Allied World Assurance Company Holdings, AG",10628.6,14775.91
3.376566319,1.263056261,South,830,Antonina,Hartland,110.67,08/08/2016,"RCI Hospitality Holdings, Inc.",3277.59,8762.08
9.627283853,4.417835536,South,832,Oona,Jacke,4510.55,07/10/2018,Bank of America Corporation,46851.74,102098.64
61.549272501,26.591040749,South,852,Dalston,Ackwood,7151.57,04/26/2018,"Ocean Bio-Chem, Inc.",11619.26,26894.66
49.663251344,22.008322541,South,860,Ezmeralda,Yitzhakof,8478.55,12/27/2018,Ashford Hospitality Trust Inc,17072.08,38524.29
56.851994694,42.432359139,South,863,Hamlin,Entissle,4709.75,10/22/2018,Vanguard Russell 2000 ETF,8284.23,11099.43
49.424081498,12.761131591,South,864,Woodrow,Iwaszkiewicz,3872.53,04/19/2017,iStar Financial Inc.,7835.31,30346.29
33.839310272,22.487164406,South,869,Glynda,Lawrenson,4908.93,06/18/2017,Playa Hotels & Resorts N.V.,14506.59,21829.92
30.706377460,13.202482570,South,876,Vivian,Chipperfield,8779.07,08/22/2016,J P Morgan Chase & Co,28590.38,66495.6
64.400435183,61.071285277,South,878,Guendolen,Talkington,6179.84,04/21/2019,Seaspan Corporation,9595.96,10119.06
46.038270730,20.044256760,South,886,Dona,Stoop,7502.88,10/07/2017,HSBC Holdings plc,16297.05,37431.57
37.931521570,18.794538918,South,890,Maximilien,Lunck,4860.42,09/06/2017,Aegon NV,12813.67,25860.81
33.560534485,33.560534485,South,892,Isidore,MacPhail,3978.4,04/30/2017,Cooper-Standard Holdings Inc.,11854.4,11854.4
10.335754750,2.775177303,South,894,Baillie,Gerren,1424.39,01/03/2019,Wells Fargo & Company,13781.19,51326.09
43.417917982,29.412976304,South,896,Abigail,Hoofe,6683.09,01/24/2019,"Malvern Bancorp, Inc.",15392.47,22721.57
15.108104843,6.932913112,South,901,Magdalen,Galvin,7078.41,10/04/2017,Bank of America Corporation,46851.74,102098.64
80.910039100,80.910039100,South,905,Debora,Pfeifer,4786.29,12/13/2016,"Cellular Biomedicine Group, Inc.",5915.57,5915.57
97.434142252,97.434142252,South,908,Issy,Pawnsford,6647.23,06/27/2018,"Terra Nitrogen Company, L.P.",6822.28,6822.28
51.537471980,51.537471980,South,911,Dare,McClintock,8385.09,03/02/2019,Quest Diagnostics Incorporated,16269.89,16269.89
85.129731762,85.129731762,South,920,Rosabelle,Revett,6791.65,03/13/2017,"Neenah Paper, Inc.",7978,7978
15.253347455,6.558313633,South,923,Mariska,Harmstone,4360.99,05/18/2017,J P Morgan Chase & Co,28590.38,66495.6
38.909765902,27.373081007,South,925,Moises,Blakeborough,8313.41,02/20/2018,Lehman ABS Corporation,21365.87,30370.75
49.199877943,24.377852047,South,928,Lyman,Quinnet,6304.31,04/21/2019,Aegon NV,12813.67,25860.81
48.668426548,43.452053345,South,930,Romona,Cobbing,2629.01,08/04/2017,Anheuser-Busch Inbev SA,5401.88,6050.37
13.490809367,13.490809367,South,943,Kenneth,Dance,1190.97,10/30/2017,"Customers Bancorp, Inc",8828.01,8828.01
12.182345690,4.304549732,South,946,Almeria,Klemke,947.7,02/17/2019,Pebblebrook Hotel Trust,7779.29,22016.24
88.295503155,88.295503155,South,957,Lamont,Bernardin,6006.54,07/16/2018,MSCI Inc,6802.77,6802.77
42.186534711,42.186534711,South,962,Killy,Bunner,5558.54,01/27/2018,"WPX Energy, Inc.",13176.1,13176.1
40.016100132,15.905732429,South,967,Vanda,Guntrip,5612.15,02/15/2017,EPR Properties,14024.73,35283.82
50.336748656,22.306783590,South,972,Lurlene,Chaize,8593.53,08/24/2017,Ashford Hospitality Trust Inc,17072.08,38524.29
48.462528020,48.462528020,South,984,Wes,Wheelwright,7884.8,02/03/2019,Quest Diagnostics Incorporated,16269.89,16269.89
56.997245585,9.191538991,South,998,Freddy,Corthes,3095.68,11/16/2016,Morgan Stanley,5431.28,33679.67
51.470838696,34.435525922,West,1,Tadeas,Clowney,9126.84,08/03/2016,"StarTek, Inc.",17732.06,26504.14
33.305839251,9.144705598,West,8,Tatum,Serchwell,2705.42,02/09/2018,KKR & Co. L.P.,8122.96,29584.55
46.607024845,33.002639927,West,21,Nettle,Jewes,4266.71,07/18/2018,"Gabelli Equity Trust, Inc. (The)",9154.65,12928.39
85.112288875,25.781200542,West,22,Neala,Henrych,8389.28,02/17/2018,Public Storage,9856.72,32540.3
33.823536889,21.519406942,West,25,Lydon,Lees,9977.94,08/04/2018,"NextEra Energy, Inc.",29499.99,46367.17
42.813973684,42.813973684,West,29,Leonardo,Giaomozzo,7286.69,02/16/2019,Eaton Vance Municipal Income Trust,17019.42,17019.42
41.812379765,7.144847770,West,30,Derick,Haxell,828.09,03/23/2019,Yahoo! Inc.,1980.49,11590.03
89.994161802,48.271423728,West,32,Amandie,Hannaford,9510.88,12/01/2017,"Kandi Technologies Group, Inc.",10568.33,19702.92
58.177886619,39.002840107,West,38,Catharina,Rosone,9155.71,09/16/2016,Liberty Interactive Corporation,15737.44,23474.47
11.661737004,11.661737004,West,45,Krysta,Paula,1984.76,09/26/2018,Eaton Vance Municipal Income Trust,17019.42,17019.42
34.496774757,19.566121974,West,51,Ben,Fillimore,8656.7,11/11/2016,Hersha Hospitality Trust,25094.23,44243.31
67.531683084,67.531683084,West,56,Dallas,Blowes,5981.45,02/16/2019,"A V Homes, Inc.",8857.25,8857.25
8.281664166,4.006416342,West,58,Kirsten,Glastonbury,1002.3,02/06/2018,"AutoZone, Inc.",12102.64,25017.37
16.691033741,16.691033741,West,64,Osgood,Goodricke,1484.13,10/08/2018,Cars.com Inc.,8891.78,8891.78
72.775609289,35.206618442,West,67,Derrik,Witnall,8807.77,02/19/2017,"AutoZone, Inc.",12102.64,25017.37
2.612124113,0.699711228,West,68,Sallyanne,Guerreru,150.06,10/20/2018,"Community Health Systems, Inc.",5744.75,21445.99
35.947333238,24.099330038,West,73,Nalani,Backler,5657.19,01/06/2019,Liberty Interactive Corporation,15737.44,23474.47
53.641828480,9.531008444,West,77,Carce,Wabersich,9731.03,05/15/2017,Bank of America Corporation,18140.75,102098.64
51.056239179,36.153148226,West,78,Yalonda,Readwood,4674.02,06/17/2017,"Gabelli Equity Trust, Inc. (The)",9154.65,12928.39
83.737074157,43.869676762,West,79,Ange,Beach,9574.07,06/27/2016,"Buckle, Inc. (The)",11433.49,21823.89
59.736121016,59.736121016,West,88,Rouvin,Line,3182.86,09/18/2017,"HealthStream, Inc.",5328.2,5328.2
24.697755072,6.494183427,West,92,Denver,Duerden,1323.16,09/09/2016,Service Corporation International,5357.41,20374.54
62.957909646,47.372196075,West,94,Konstance,Bakewell,9570.15,05/09/2018,Capitol Acquisition Corp. III,15200.87,20202.04
18.942726546,9.163912913,West,97,Hillard,Hanigan,2292.57,10/03/2016,"AutoZone, Inc.",12102.64,25017.37
83.071040467,24.234760662,West,118,Sauncho,Bakster,4221.23,03/05/2018,"Fidelity National Financial, Inc.",5081.47,17418.08
21.339453369,21.339453369,West,119,Antons,Robjant,2250.16,10/30/2016,American Equity Investment Life Holding Company,10544.6,10544.6
21.984165165,11.461783851,West,127,Mandy,Aslin,1348.08,10/17/2017,Pentair plc.,6132.05,11761.52
6.602117544,6.602117544,West,129,Lorrie,Tort,322.32,09/14/2017,"H&R Block, Inc.",4882.07,4882.07
43.005403193,24.293640343,West,134,Benjamin,Volett,6599.02,01/12/2018,"Bankwell Financial Group, Inc.",15344.63,27163.57
44.099255265,8.101531871,West,137,Job,Cork,1373.78,07/18/2016,"Taubman Centers, Inc.",3115.2,16957.04
45.625060059,45.625060059,West,141,Lynda,Celli,5032.8,06/03/2018,"Parke Bancorp, Inc.",11030.78,11030.78
40.090127115,22.611525745,West,151,Lucine,Gatchell,5023.77,12/11/2017,Origo Acquisition Corporation,12531.19,22217.74
52.597124872,39.354392132,West,158,Rodolph,Randall,7317.17,01/17/2018,Gabelli Dividend,13911.73,18593.02
32.903191911,13.021386679,West,160,Kirstyn,Jelleman,4446.59,07/09/2016,Drive Shack Inc.,13514.16,34148.36
40.263878984,40.263878984,West,164,Ingelbert,Chiechio,2145.34,04/17/2017,"HealthStream, Inc.",5328.2,5328.2
68.142279585,43.825844418,West,165,Lamar,Pavlenko,7095.86,08/31/2018,"Ominto, Inc.",10413.3,16191.04
47.502282427,32.038661925,West,166,Ralph,Rivard,8215.61,06/16/2017,Burcon NutraScience Corp,17295.19,25642.8
35.332860121,5.634353302,West,172,Germaine,Bettenay,1428.61,10/03/2017,"PPL Capital Funding, Inc.",4043.29,25355.35
45.524289312,45.524289312,West,176,Julianna,Christy,7747.97,05/19/2017,Eaton Vance Municipal Income Trust,17019.42,17019.42
34.746119221,27.705477796,West,177,Terry,Blower,5616.46,11/06/2017,"Universal Logistics Holdings, Inc.",16164.28,20272.02
56.994596807,32.196099408,West,183,Diane-marie,Le Gall,8745.61,08/12/2018,"Bankwell Financial Group, Inc.",15344.63,27163.57
70.192083646,15.270341762,West,191,Irma,Curr,5452.5,07/04/2016,BB&T Corporation,7767.97,35706.47
65.527975293,65.527975293,West,192,Nessie,Hardaway,5620.59,01/17/2017,"Hollysys Automation Technologies, Ltd.",8577.39,8577.39
68.962605483,68.962605483,West,202,Briney,Visco,7570.77,06/12/2018,Kingold Jewelry Inc.,10978.08,10978.08
47.402875128,35.467933665,West,209,Nicolais,Ricco,6594.56,11/02/2016,Gabelli Dividend,13911.73,18593.02
57.970092474,25.463399371,West,211,Granny,Duckerin,8984.46,10/22/2016,EPR Properties,15498.44,35283.82
26.521475255,15.042635824,West,219,Thatcher,Marsh,6655.36,07/19/2017,Hersha Hospitality Trust,25094.23,44243.31
48.818666801,28.086067741,West,238,Marlin,McMahon,7843.29,03/18/2018,Matlin & Partners Acquisition Corporation,16066.17,27925.91
36.406486972,20.856355625,West,241,Drusie,Oddy,2690.96,12/10/2018,RXi Pharmaceuticals Corporation,7391.43,12902.35
52.497717573,35.407911773,West,244,Mary,Gounot,9079.58,12/04/2016,Burcon NutraScience Corp,17295.19,25642.8
82.896142433,82.896142433,West,251,Lisle,Leschelle,2723.76,12/01/2018,Macatawa Bank Corporation,3285.75,3285.75
54.931522787,54.931522787,West,267,Whitman,O' Mullan,6987.85,12/17/2017,Intel Corporation,12721.02,12721.02
87.378990372,87.378990372,West,275,Alyssa,Claire,8638.82,05/28/2016,iShares S&P Emerging Markets Infrastructure Index Fund,9886.61,9886.61
78.511783033,23.743558468,West,290,Kelcie,Gabbotts,6365.28,07/25/2016,FIRST REPUBLIC BANK,8107.42,26808.45
54.566843315,46.411859035,West,291,Vinni,Crosoer,7635.02,08/20/2017,Eastman Kodak Company,13992.05,16450.58
32.531974184,32.531974184,West,298,Beulah,Haet,2799.5,02/15/2017,Hovnanian Enterprises Inc,8605.38,8605.38
15.965395243,10.157596420,West,299,Carmine,Thomton,4709.79,11/10/2016,"NextEra Energy, Inc.",29499.99,46367.17
21.200542005,20.165171852,West,300,Adey,Comiam,1408.14,12/15/2017,Astoria Financial Corporation,6642,6983.03
5.195617676,5.195617676,West,301,Holly,Dinning,204.3,08/24/2016,Royal Bank Scotland plc (The),3932.16,3932.16
21.310312309,13.558170576,West,305,Allister,Brainsby,6286.54,08/11/2016,"NextEra Energy, Inc.",29499.99,46367.17
32.575871641,32.575871641,West,312,Paolina,Moncaster,4759.83,08/10/2018,"Post Holdings, Inc.",14611.52,14611.52
78.015834835,40.674759725,West,314,Adrienne,Reolfi,4783.97,11/02/2017,Pentair plc.,6132.05,11761.52
47.301516207,31.859204197,West,319,Kamila,Hairesnape,8195.21,09/05/2017,Western Alliance Bancorporation,17325.47,25723.21
37.480450979,37.480450979,West,327,Farrel,Keightley,4951.31,02/12/2019,Webster Financial Corporation,13210.38,13210.38
20.941092370,5.462755998,West,339,Vladamir,Brymner,1083.89,08/27/2016,Urstadt Biddle Properties Inc.,5175.9,19841.45
54.724484163,34.559084457,West,349,Rayshell,Robe,8881.74,11/12/2018,Aegion Corp,16229.92,25700.16
87.377216259,87.377216259,West,352,Nicolis,Keable,9516.34,10/01/2016,"Rennova Health, Inc.",10891.1,10891.1
17.103857567,17.103857567,West,353,Tad,Heaphy,561.99,05/24/2016,Macatawa Bank Corporation,3285.75,3285.75
94.804382324,94.804382324,West,355,Candie,Apedaile,3727.86,08/20/2017,Royal Bank Scotland plc (The),3932.16,3932.16
77.483950603,18.525110864,West,359,Fernando,Holttom,3998.66,03/01/2018,"Micronet Enertec Technologies, Inc.",5160.63,21585.08
44.779463187,39.848710923,West,372,Minnaminnie,Wildgoose,4751.11,04/27/2019,First Trust Hong Kong AlphaDEX Fund,10610.02,11922.87
19.107973415,15.675144940,West,376,Mahalia,Cuardall,1792.84,06/24/2016,STRATS Trust,9382.68,11437.47
13.748557964,7.202840557,West,382,Adey,Skaid,1571.94,12/03/2016,"Buckle, Inc. (The)",11433.49,21823.89
28.264826946,14.779918483,West,383,Sophey,McAlister,5333.44,06/21/2017,CF Corporation,18869.53,36085.72
52.889605623,27.656424757,West,398,Carrie,O' Quirk,9980.02,07/28/2018,CF Corporation,18869.53,36085.72
67.096808089,26.553456740,West,405,Emile,O'Halligan,9067.57,01/28/2019,Drive Shack Inc.,13514.16,34148.36
47.625995672,27.300378573,West,407,Randy,Nester,6270.31,03/15/2017,"Dominion Energy, Inc.",13165.73,22967.85
43.908474580,38.916051938,West,408,Nadya,Pitkeathly,4008.33,11/07/2018,Tutor Perini Corporation,9128.83,10299.94
59.909872885,33.790205484,West,411,Reamonn,Jerromes,7507.42,02/21/2017,Origo Acquisition Corporation,12531.19,22217.74
52.698483793,35.494248191,West,412,Rodolph,Lemon,9130.26,09/10/2016,Western Alliance Bancorporation,17325.47,25723.21
62.519549021,62.519549021,West,416,Chancey,Myrick,8259.07,05/07/2018,Webster Financial Corporation,13210.38,13210.38
20.951006742,20.951006742,West,421,Ellsworth,Fitch,2061.82,08/22/2016,"SPX FLOW, Inc.",9841.15,9841.15
46.624920342,28.827605762,West,428,Regina,Oldroyde,3497.27,09/28/2016,Nuveen Insured New York Select Tax-Free Income Portfolio,7500.86,12131.67
75.302244928,19.800447028,West,434,Ephraim,Jardine,4034.25,01/09/2019,Service Corporation International,5357.41,20374.54
14.925940263,2.975917374,West,436,Louisa,Casaroli,1048.81,11/18/2018,DTE Energy Company,7026.76,35243.25
5.874780142,3.938491476,West,441,Albert,Byham,924.54,11/08/2018,Liberty Interactive Corporation,15737.44,23474.47
85.074059737,16.961971441,West,442,Holt,Borg-Bartolo,5977.95,11/03/2018,DTE Energy Company,7026.76,35243.25
97.387875887,26.087347798,West,444,Vanya,Andersen,5594.69,10/24/2017,"Community Health Systems, Inc.",5744.75,21445.99
46.358171520,8.236858003,West,445,Arie,Veeler,8409.72,12/17/2017,Bank of America Corporation,18140.75,102098.64
40.010978362,40.010978362,West,446,Harriette,Dunniom,8389.71,12/07/2016,"Western Refining Logistics, LP",20968.52,20968.52
82.961208841,37.800795117,West,455,Fred,Wesker,8239.84,04/15/2017,"Flex Pharma, Inc.",9932.16,21798.06
36.188634933,18.568700456,West,457,Julius,Kadwallider,5621.13,07/07/2016,Stewart Information Services Corporation,15532.86,30272.07
38.894196204,10.679087564,West,470,Josiah,Heaven,3159.36,01/21/2017,KKR & Co. L.P.,8122.96,29584.55
53.375079658,33.001144937,West,478,Elna,Crichton,4003.59,01/15/2017,Nuveen Insured New York Select Tax-Free Income Portfolio,7500.86,12131.67
16.683713895,16.683713895,West,479,Terrie,Darell,2084.58,05/19/2018,"Ohr Pharmaceuticals, Inc.",12494.7,12494.7
30.970194815,30.970194815,West,487,Hunt,Jobern,4261.09,10/09/2018,"Stag Industrial, Inc.",13758.68,13758.68
45.746313213,27.677490604,West,493,Corbet,Manueau,9907,11/27/2018,DDR Corp.,21656.39,35794.43
27.799964545,7.632970588,West,494,Willie,Badsworth,2258.18,10/14/2017,KKR & Co. L.P.,8122.96,29584.55
78.171117240,40.520836239,West,500,Danya,Giacobbo,9297.36,10/22/2018,Resource Capital Corp.,11893.6,22944.64
63.593513028,36.431115262,West,505,Kimberlee,Moffet,4700.47,08/09/2017,RXi Pharmaceuticals Corporation,7391.43,12902.35
62.711309595,62.711309595,West,510,Lorant,McGarrahan,7835.59,04/28/2017,"Ohr Pharmaceuticals, Inc.",12494.7,12494.7
50.836587745,23.641317139,West,517,Timoteo,Colson,5424.33,04/08/2017,"Cardinal Health, Inc.",10670.13,22944.28
29.807916354,6.484735119,West,518,Ginnie,Simeons,2315.47,05/18/2018,BB&T Corporation,7767.97,35706.47
55.220536813,49.140097980,West,520,Kaylee,Aujouanet,5858.91,09/21/2016,First Trust Hong Kong AlphaDEX Fund,10610.02,11922.87
17.038791159,7.763626671,West,523,Norton,Narey,1692.32,12/30/2017,"Flex Pharma, Inc.",9932.16,21798.06
44.329035199,44.329035199,West,525,Conni,Van der Merwe,2275.17,12/17/2018,VictoryShares US 500 Volatility Wtd ETF,5132.46,5132.46
15.443259472,9.825400170,West,528,Ernst,Rennison,4555.76,01/23/2019,"NextEra Energy, Inc.",29499.99,46367.17
48.529161304,32.467456028,West,531,Paton,Hardwich,8605.22,03/07/2017,"StarTek, Inc.",17732.06,26504.14
69.029805185,69.029805185,West,533,Far,Forstall,9497.59,06/09/2018,"Stag Industrial, Inc.",13758.68,13758.68
38.981749988,22.109941593,West,534,Nola,Finnick,9782.17,10/01/2018,Hersha Hospitality Trust,25094.23,44243.31
17.396456514,4.503980732,West,535,Tedi,Sahnow,1118.66,10/12/2017,"Haverty Furniture Companies, Inc.",6430.39,24837.14
16.457628614,12.226548029,West,538,Franny,Fawloe,1828.38,12/22/2018,"Monster Digital, Inc.",11109.62,14954.18
42.029907526,18.461663165,West,546,Andromache,Piccop,6513.98,06/22/2017,EPR Properties,15498.44,35283.82
55.274926657,55.274926657,West,552,Sunny,Bruckmann,7609.97,12/16/2017,Arch Capital Group Ltd.,13767.49,13767.49
50.660135829,50.660135829,West,554,Cathee,Frick,5902.61,01/12/2018,Harmony Merger Corp.,11651.39,11651.39
22.516049397,5.383209143,West,562,Kelsey,Gooble,1161.97,06/17/2017,"Micronet Enertec Technologies, Inc.",5160.63,21585.08
42.199763917,42.199763917,West,569,Debbie,Gothup,5341.03,12/17/2018,Merus Labs International Inc.,12656.54,12656.54
18.845567431,9.854507545,West,585,Vilhelmina,Tassel,3556.07,09/06/2017,CF Corporation,18869.53,36085.72
10.005838198,5.366970987,West,586,Nickie,Bootman,1057.45,03/30/2018,"Kandi Technologies Group, Inc.",10568.33,19702.92
31.857720415,20.489357077,West,587,Cindy,Boardman,3317.44,03/20/2018,"Ominto, Inc.",10413.3,16191.04
46.763977592,30.605226739,West,597,Job,Mabe,7629.73,08/10/2018,National General Holdings Corp,16315.4,24929.5
45.068477213,45.068477213,West,600,Janaya,Tumber,5733.17,05/05/2019,Intel Corporation,12721.02,12721.02
32.464916470,25.886517476,West,612,Stanly,Schleicher,5247.72,02/12/2019,"Universal Logistics Holdings, Inc.",16164.28,20272.02
49.163412255,22.863214710,West,613,Lorens,Cahalin,5245.8,07/26/2018,"Cardinal Health, Inc.",10670.13,22944.28
78.660546631,78.660546631,West,614,Nata,Palmby,8294.44,04/04/2017,American Equity Investment Life Holding Company,10544.6,10544.6
55.900744735,10.269598939,West,615,Parsifal,Aymerich,1741.42,08/12/2017,"Taubman Centers, Inc.",3115.2,16957.04
40.050313811,40.050313811,West,617,Olive,Jamot,5388.99,05/22/2018,Robert Half International Inc.,13455.55,13455.55
37.761534996,24.169446659,West,619,Elga,Ferron,5666.36,09/25/2017,Moog Inc.,15005.64,23444.31
55.670964801,55.670964801,West,621,Bentlee,Vance,2857.29,03/04/2019,VictoryShares US 500 Volatility Wtd ETF,5132.46,5132.46
45.275515837,28.591962073,West,629,Novelia,Baynham,7348.18,02/08/2018,Aegion Corp,16229.92,25700.16
32.468316916,32.468316916,West,632,Christoffer,Chetwind,2875.8,09/27/2017,"A V Homes, Inc.",8857.25,8857.25
49.943023187,48.938016679,West,634,Hedy,Clinnick,6885.3,05/30/2016,Monmouth Real Estate Investment Corporation,13786.31,14069.43
56.091525420,49.713881828,West,650,Carlin,Fitzsimons,5120.5,08/18/2017,Tutor Perini Corporation,9128.83,10299.94
47.693732287,19.539854213,West,661,Nanine,Lalley,7401.39,11/29/2017,"SunTrust Banks, Inc.",15518.58,37878.43
86.349569983,86.349569983,West,664,Avery,Polgreen,9551.29,02/22/2017,"Genomic Health, Inc.",11061.19,11061.19
79.058907630,20.623543138,West,665,Peggy,Pellington,4092.01,08/13/2017,Urstadt Biddle Properties Inc.,5175.9,19841.45
59.949686189,59.949686189,West,670,Leigh,Siddele,8066.56,08/01/2018,Robert Half International Inc.,13455.55,13455.55
13.457496087,8.562006264,West,678,Carine,MacNucator,3969.96,01/28/2019,"NextEra Energy, Inc.",29499.99,46367.17
21.488216967,6.498473429,West,683,Axel,Troni,1742.14,08/26/2017,FIRST REPUBLIC BANK,8107.42,26808.45
84.029817981,34.088945379,West,687,Carmelia,Schops,8995.35,09/29/2017,Allstate Corporation (The),10704.95,26387.88
12.621009628,12.621009628,West,694,Silvia,Bowkett,1247.79,02/28/2019,iShares S&P Emerging Markets Infrastructure Index Fund,9886.61,9886.61
24.056156562,24.056156562,West,698,Fara,Collens,5044.22,06/07/2018,"Western Refining Logistics, LP",20968.52,20968.52
22.859303882,13.830364110,West,703,Penny,Denison,4950.5,11/08/2016,DDR Corp.,21656.39,35794.43
12.622783741,12.622783741,West,712,Heywood,Kornalik,1374.76,03/30/2017,"Rennova Health, Inc.",10891.1,10891.1
67.424128359,67.424128359,West,713,Binni,Matonin,9851.69,07/12/2017,"Post Holdings, Inc.",14611.52,14611.52
49.339864171,49.339864171,West,720,Sydelle,Tieman,5748.78,12/07/2018,Harmony Merger Corp.,11651.39,11651.39
32.788964309,26.144903172,West,729,Leigha,Donaghy,5300.1,05/24/2018,"Universal Logistics Holdings, Inc.",16164.28,20272.02
14.887711125,4.509608086,West,741,Reggie,Brunnstein,1467.44,05/04/2019,Public Storage,9856.72,32540.3
76.937702041,38.462543527,West,753,Lyon,Christescu,7506.55,06/21/2018,M III Acquisition Corp.,9756.66,19516.52
15.970182019,6.478731903,West,756,Krishna,Jeffryes,1709.6,07/11/2016,Allstate Corporation (The),10704.95,26387.88
79.048993258,79.048993258,West,757,Pennie,Kaley,7779.33,02/27/2017,"SPX FLOW, Inc.",9841.15,9841.15
31.037394517,31.037394517,West,758,Morris,Hincham,3407.31,09/24/2016,Kingold Jewelry Inc.,10978.08,10978.08
36.144045749,15.271921202,West,774,Sander,Leads,2861.9,10/22/2017,Capital Southwest Corporation,7918.04,18739.62
45.433156685,38.643196775,West,775,Falkner,Vick,6357.03,02/22/2017,Eastman Kodak Company,13992.05,16450.58
52.374004328,30.022052565,West,792,Debbie,Olphert,6895.42,04/04/2017,"Dominion Energy, Inc.",13165.73,22967.85
63.811365067,32.742161339,West,795,Basilio,Abbati,9911.73,02/01/2018,Stewart Information Services Corporation,15532.86,30272.07
83.308966259,83.308966259,West,797,Elsy,Yitzhakof,7407.65,09/24/2017,Cars.com Inc.,8891.78,8891.78
93.397882456,93.397882456,West,802,Alica,Deniskevich,4559.75,01/26/2019,"H&R Block, Inc.",4882.07,4882.07
67.468025816,67.468025816,West,811,Ax,Blitz,5805.88,12/29/2017,Hovnanian Enterprises Inc,8605.38,8605.38
80.892026585,66.359430888,West,814,Coop,Poundsford,7589.84,10/20/2018,STRATS Trust,9382.68,11437.47
31.394382905,18.994268103,West,819,Marcille,Haydney,6798.89,07/31/2016,DDR Corp.,21656.39,35794.43
2.514367879,1.317272035,West,823,Connor,Beckson,287.48,04/26/2017,"Buckle, Inc. (The)",11433.49,21823.89
13.650430017,13.650430017,West,828,Dominique,Gurry,1509.9,06/24/2017,"Genomic Health, Inc.",11061.19,11061.19
2.336735976,1.654653054,West,839,Jorgan,Kleinzweig,213.92,03/25/2018,"Gabelli Equity Trust, Inc. (The)",9154.65,12928.39
16.928959533,4.938776260,West,840,Melessa,Cornillot,860.24,01/12/2017,"Fidelity National Financial, Inc.",5081.47,17418.08
64.667139879,10.312143197,West,842,Maiga,Kief,2614.68,10/09/2016,"PPL Capital Funding, Inc.",4043.29,25355.35
34.472024707,34.472024707,West,850,Cly,Witherdon,2956.8,08/11/2016,"Hollysys Automation Technologies, Ltd.",8577.39,8577.39
35.932865076,35.932865076,West,851,Saudra,Earie,7534.59,03/07/2018,"Western Refining Logistics, LP",20968.52,20968.52
50.056976813,49.049677208,West,854,Desiree,Gribbins,6901.01,09/13/2018,Monmouth Real Estate Investment Corporation,13786.31,14069.43
83.542371386,62.064519753,West,869,Georgeanna,Gingel,9281.24,07/20/2016,"Monster Digital, Inc.",11109.62,14954.18
37.042090354,27.872036685,West,878,Leela,Spinks,5630.72,11/30/2016,Capitol Acquisition Corp. III,15200.87,20202.04
52.306267713,21.429584067,West,879,Garfield,Horick,8117.19,12/28/2017,"SunTrust Banks, Inc.",15518.58,37878.43
21.828882760,11.315235279,West,889,Tonye,Pynner,2596.24,08/18/2018,Resource Capital Corp.,11893.6,22944.64
57.800236083,57.800236083,West,892,Fawnia,Willingham,7315.51,08/09/2018,Merus Labs International Inc.,12656.54,12656.54
82.603543486,21.386238512,West,900,Moina,Kovalski,5311.73,12/04/2018,"Haverty Furniture Companies, Inc.",6430.39,24837.14
20.604976510,20.604976510,West,904,Brena,Yarr,2574.53,07/14/2018,"Ohr Pharmaceuticals, Inc.",12494.7,12494.7
53.236022408,34.840931427,West,908,Phillip,Colomb,8685.67,07/29/2016,National General Holdings Corp,16315.4,24929.5
58.187620235,9.943028620,West,919,Eleonore,Braunfeld,1152.4,12/12/2018,Yahoo! Inc.,1980.49,11590.03
54.374939941,54.374939941,West,947,Freda,Fauning,5997.98,08/08/2016,"Parke Bancorp, Inc.",11030.78,11030.78
22.016862391,20.941625627,West,955,Antonius,Ride,1462.36,09/03/2018,Astoria Financial Corporation,6642,6983.03
56.782595604,54.009505902,West,957,Marchelle,Mowsdale,3771.5,03/02/2019,Astoria Financial Corporation,6642,6983.03
63.855954251,26.981016691,West,958,Floria,Keely,5056.14,09/17/2016,Capital Southwest Corporation,7918.04,18739.62
44.725073343,44.725073343,West,969,Starlin,Charity,6157.52,12/17/2017,Arch Capital Group Ltd.,13767.49,13767.49
62.238465004,39.836019913,West,979,Emlen,Slocomb,9339.28,10/13/2017,Moog Inc.,15005.64,23444.31
23.062297959,11.529258290,West,989,Travus,Cleveley,2250.11,05/04/2017,M III Acquisition Corp.,9756.66,19516.52
51.181333199,29.445343052,West,997,Nannie,Brewse,8222.88,05/07/2018,Matlin & Partners Acquisition Corporation,16066.17,27925.91
